date,time,symbol,price,volume,value,cum_volume,cum_value,floor
2026-03-12,09:04:02,FPT,85.8,145000,12441000.0,145000,12441000.0,HOSE
2026-03-12,09:14:42,VSC,21.75,40000,870000.0,40000,870000.0,HOSE
2026-03-12,09:16:35,AAA,6.64,1,6.64,1,6.64,HOSE
2026-03-12,09:16:51,PPC,9.3,1,9.3,1,9.3,HOSE
2026-03-12,09:17:09,AAA,6.64,1,6.64,2,13.28,HOSE
2026-03-12,09:19:05,AAA,6.64,1,6.64,3,19.92,HOSE
2026-03-12,09:20:19,AAA,6.64,1,6.64,4,26.56,HOSE
2026-03-12,09:21:02,MBB,27.336,900000,24602400.0,900000,24602400.0,HOSE
2026-03-12,09:21:02,MBB,27.336,134800,3684892.8,1034800,28287292.8,HOSE
2026-03-12,09:21:56,SAB,45.2,35000,1582000.0,35000,1582000.0,HOSE
2026-03-12,09:22:11,PPC,9.3,1,9.3,2,18.6,HOSE
2026-03-12,09:23:32,SCR,5.35,1,5.35,1,5.35,HOSE
2026-03-12,09:25:29,SCR,5.35,1,5.35,2,10.7,HOSE
2026-03-12,09:27:05,SCR,5.35,1,5.35,3,16.049999999999997,HOSE
2026-03-12,09:27:50,SAB,46.0,35000,1610000.0,70000,3192000.0,HOSE
2026-03-12,09:28:36,LSS,7.96,1,7.96,1,7.96,HOSE
2026-03-12,09:29:41,GMD,77.0,250000,19250000.0,250000,19250000.0,HOSE
2026-03-12,09:30:03,VIB,15.9,1,15.9,1,15.9,HOSE
2026-03-12,09:30:52,AAA,6.64,1,6.64,5,33.2,HOSE
2026-03-12,09:33:44,BWE,40.0,500000,20000000.0,500000,20000000.0,HOSE
2026-03-12,09:33:50,MBB,27.336,166000,4537776.0,1200800,32825068.8,HOSE
2026-03-12,09:34:35,AGG,12.9,285000,3676500.0,285000,3676500.0,HOSE
2026-03-12,09:37:03,AAA,6.64,1,6.64,6,39.84,HOSE
2026-03-12,09:38:20,AAA,6.64,1,6.64,7,46.48,HOSE
2026-03-12,09:40:05,MBB,26.8,569000,15249200.0,1769800,48074268.8,HOSE
2026-03-12,09:43:31,SCR,5.35,1,5.35,4,21.4,HOSE
2026-03-12,09:44:46,TCB,30.3,1,30.3,1,30.3,HOSE
2026-03-12,09:45:14,HPG,27.1,1,27.1,1,27.1,HOSE
2026-03-12,09:45:42,DCM,48.7,1,48.7,1,48.7,HOSE
2026-03-12,09:46:20,HPG,27.1,1,27.1,2,54.2,HOSE
2026-03-12,09:46:48,HPG,27.1,2,54.2,4,108.4,HOSE
2026-03-12,09:47:15,VIX,18.25,1193200,21775900.0,1193200,21775900.0,HOSE
2026-03-12,09:47:39,HPG,27.1,2,54.2,6,162.60000000000002,HOSE
2026-03-12,09:47:48,VIX,17.1,399000,6822900.000000001,1592200,28598800.0,HOSE
2026-03-12,09:48:08,NLG,25.85,2,51.7,2,51.7,HOSE
2026-03-12,09:48:08,VIX,17.1,399000,6822900.000000001,1991200,35421700.0,HOSE
2026-03-12,09:48:29,VIX,17.1,780000,13338000.000000002,2771200,48759700.0,HOSE
2026-03-12,09:48:32,NLG,25.85,2,51.7,4,103.4,HOSE
2026-03-12,09:48:41,VIX,17.1,780000,13338000.000000002,3551200,62097700.00000001,HOSE
2026-03-12,09:49:39,VCI,35.7,2,71.4,2,71.4,HOSE
2026-03-12,09:50:00,STB,61.7,465000,28690500.0,465000,28690500.0,HOSE
2026-03-12,09:50:05,DCM,48.7,2,97.4,3,146.10000000000002,HOSE
2026-03-12,09:50:19,PPC,9.3,1,9.3,3,27.9,HOSE
2026-03-12,09:51:04,PPC,9.3,1,9.3,4,37.2,HOSE
2026-03-12,09:52:06,TNT,7.52,300000,2256000.0,300000,2256000.0,HOSE
2026-03-12,09:52:12,VIB,18.2,1666000,30321200.0,1666001,30321215.9,HOSE
2026-03-12,09:53:20,LSS,7.96,1,7.96,2,15.92,HOSE
2026-03-12,09:53:23,MBB,27.336,43000,1175448.0,1812800,49249716.8,HOSE
2026-03-12,09:53:27,STB,61.7,455000,28073500.0,920000,56764000.0,HOSE
2026-03-12,09:54:08,PDR,14.25,140000,1995000.0,140000,1995000.0,HOSE
2026-03-12,09:54:19,MBB,27.336,43000,1175448.0,1855800,50425164.8,HOSE
2026-03-12,09:55:33,FRT,166.1,201250,33427625.0,201250,33427625.0,HOSE
2026-03-12,09:55:42,DCM,48.7,2,97.4,5,243.5,HOSE
2026-03-12,09:56:10,TCB,30.3,2,60.6,3,90.9,HOSE
2026-03-12,09:56:11,STB,61.7,450000,27765000.0,1370000,84529000.0,HOSE
2026-03-12,09:56:40,TCB,30.3,1,30.3,4,121.2,HOSE
2026-03-12,09:56:46,TCB,29.0,20000,580000.0,20004,580121.2,HOSE
2026-03-12,09:57:10,HPG,27.1,1,27.1,7,189.7,HOSE
2026-03-12,09:57:31,HPG,27.1,2,54.2,9,243.9,HOSE
2026-03-12,09:57:56,VCI,35.7,2,71.4,4,142.8,HOSE
2026-03-12,09:58:19,DCM,48.7,2,97.4,7,340.90000000000003,HOSE
2026-03-12,09:58:26,TCB,33.0,1067400,35224200.0,1087404,35804321.2,HOSE
2026-03-12,09:58:44,TCB,30.3,1,30.3,1087405,35804351.5,HOSE
2026-03-12,09:59:07,HPG,27.1,2,54.2,11,298.1,HOSE
2026-03-12,09:59:32,NLG,25.85,2,51.7,6,155.10000000000002,HOSE
2026-03-12,10:00:08,MBB,24.95,1,24.95,1855801,50425189.75,HOSE
2026-03-12,10:01:28,AAA,6.64,1,6.64,8,53.12,HOSE
2026-03-12,10:02:00,NLG,25.85,1,25.85,7,180.95,HOSE
2026-03-12,10:02:36,DCM,48.7,2,97.4,9,438.3,HOSE
2026-03-12,10:03:02,VCI,35.7,2,71.4,6,214.2,HOSE
2026-03-12,10:03:32,TCB,30.3,2,60.6,1087407,35804412.1,HOSE
2026-03-12,10:03:54,DCM,48.7,1,48.7,10,487.0,HOSE
2026-03-12,10:04:10,SCR,5.35,1,5.35,5,26.75,HOSE
2026-03-12,10:04:17,HPG,27.1,2,54.2,13,352.3,HOSE
2026-03-12,10:04:42,NLG,25.85,2,51.7,9,232.65,HOSE
2026-03-12,10:05:10,TCB,30.3,2,60.6,1087409,35804472.7,HOSE
2026-03-12,10:05:18,PPC,9.3,1,9.3,5,46.5,HOSE
2026-03-12,10:05:34,VCI,35.7,2,71.4,8,285.6,HOSE
2026-03-12,10:05:45,SCR,5.35,1,5.35,6,32.099999999999994,HOSE
2026-03-12,10:05:51,AAA,6.64,1,6.64,9,59.76,HOSE
2026-03-12,10:05:56,HPG,27.1,1,27.1,14,379.4,HOSE
2026-03-12,10:06:33,SCR,5.35,1,5.35,7,37.45,HOSE
2026-03-12,10:07:50,PPC,9.3,1,9.3,6,55.8,HOSE
2026-03-12,10:08:31,PDR,14.25,450000,6412500.0,590000,8407500.0,HOSE
2026-03-12,10:09:16,PDR,14.25,450000,6412500.0,1040000,14820000.0,HOSE
2026-03-12,10:09:35,PDR,14.25,450000,6412500.0,1490000,21232500.0,HOSE
2026-03-12,10:09:54,PDR,14.25,450000,6412500.0,1940000,27645000.0,HOSE
2026-03-12,10:10:17,PDR,14.25,450000,6412500.0,2390000,34057500.0,HOSE
2026-03-12,10:10:40,PDR,14.25,450000,6412500.0,2840000,40470000.0,HOSE
2026-03-12,10:10:48,TCB,30.3,1,30.3,1087410,35804503.0,HOSE
2026-03-12,10:11:02,PDR,14.25,400000,5700000.0,3240000,46170000.0,HOSE
2026-03-12,10:11:05,AAA,6.64,1,6.64,10,66.39999999999999,HOSE
2026-03-12,10:11:13,NLG,25.85,1,25.85,10,258.5,HOSE
2026-03-12,10:11:30,PDR,14.25,400000,5700000.0,3640000,51870000.0,HOSE
2026-03-12,10:11:36,NLG,25.85,2,51.7,12,310.20000000000005,HOSE
2026-03-12,10:12:01,HPG,27.1,1,27.1,15,406.5,HOSE
2026-03-12,10:12:27,NLG,25.85,3,77.55000000000001,15,387.75,HOSE
2026-03-12,10:12:41,PDR,14.25,460000,6555000.0,4100000,58425000.0,HOSE
2026-03-12,10:12:54,NLG,25.85,2,51.7,17,439.4500000000001,HOSE
2026-03-12,10:13:00,PDR,14.25,400000,5700000.0,4500000,64125000.0,HOSE
2026-03-12,10:13:16,PDR,14.25,300000,4275000.0,4800000,68400000.0,HOSE
2026-03-12,10:13:26,TCB,33.0,123100,4062300.0,1210510,39866803.0,HOSE
2026-03-12,10:14:09,AAA,6.64,1,6.64,11,73.03999999999999,HOSE
2026-03-12,10:14:21,LSS,7.96,1,7.96,3,23.88,HOSE
2026-03-12,10:14:24,TCB,30.3,2,60.6,1210512,39866863.6,HOSE
2026-03-12,10:14:58,TCB,30.3,2,60.6,1210514,39866924.2,HOSE
2026-03-12,10:15:19,AAA,6.64,1,6.64,12,79.67999999999999,HOSE
2026-03-12,10:15:30,VCI,35.7,1,35.7,9,321.3,HOSE
2026-03-12,10:16:43,AAA,6.64,1,6.64,13,86.32,HOSE
2026-03-12,10:17:04,DCM,48.7,2,97.4,12,584.4000000000001,HOSE
2026-03-12,10:17:50,AAA,6.64,1,6.64,14,92.96,HOSE
2026-03-12,10:18:36,HPG,27.1,2,54.2,17,460.7000000000001,HOSE
2026-03-12,10:19:04,VCI,35.7,1,35.7,10,357.0,HOSE
2026-03-12,10:19:20,TMS,38.15,2291000,87401650.0,2291000,87401650.0,HOSE
2026-03-12,10:19:30,TCB,30.3,2,60.6,1210516,39866984.8,HOSE
2026-03-12,10:19:59,VCI,35.7,1,35.7,11,392.7000000000001,HOSE
2026-03-12,10:20:26,HPG,27.1,1,27.1,18,487.8,HOSE
2026-03-12,10:20:49,DBD,54.0,46000,2484000.0,46000,2484000.0,HOSE
2026-03-12,10:20:50,DCM,48.7,1,48.7,13,633.1,HOSE
2026-03-12,10:21:10,AAA,6.64,1,6.64,15,99.6,HOSE
2026-03-12,10:21:18,VCI,35.7,2,71.4,13,464.1,HOSE
2026-03-12,10:21:24,TCB,33.2,20000,664000.0,1230516,40530984.8,HOSE
2026-03-12,10:21:42,DCM,48.7,2,97.4,15,730.5,HOSE
2026-03-12,10:22:05,NLG,25.85,2,51.7,19,491.15,HOSE
2026-03-12,10:22:27,TCB,30.3,1,30.3,1230517,40531015.1,HOSE
2026-03-12,10:23:53,PPC,9.3,1,9.3,7,65.10000000000001,HOSE
2026-03-12,10:24:01,TCB,30.3,2,60.6,1230519,40531075.7,HOSE
2026-03-12,10:24:25,FPT,79.5,37700,2997150.0,182700,15438150.0,HOSE
2026-03-12,10:24:43,TCB,30.3,2,60.6,1230521,40531136.3,HOSE
2026-03-12,10:25:06,SCR,5.35,1,5.35,8,42.8,HOSE
2026-03-12,10:25:08,VCI,35.7,1,35.7,14,499.80000000000007,HOSE
2026-03-12,10:25:32,SCR,5.35,1,5.35,9,48.15,HOSE
2026-03-12,10:25:36,NLG,25.85,2,51.7,21,542.85,HOSE
2026-03-12,10:25:59,VCI,35.7,1,35.7,15,535.5,HOSE
2026-03-12,10:26:21,VCI,35.7,2,71.4,17,606.9000000000001,HOSE
2026-03-12,10:26:45,AAA,6.64,1,6.64,16,106.24,HOSE
2026-03-12,10:26:46,DCM,48.7,1,48.7,16,779.2,HOSE
2026-03-12,10:27:16,TCB,30.3,2,60.6,1230523,40531196.900000006,HOSE
2026-03-12,10:27:56,SCR,5.35,1,5.35,10,53.5,HOSE
2026-03-12,10:28:14,TCB,30.3,1,30.3,1230524,40531227.2,HOSE
2026-03-12,10:28:43,DCM,48.7,2,97.4,18,876.6,HOSE
2026-03-12,10:29:51,AAA,6.64,1,6.64,17,112.88,HOSE
2026-03-12,10:30:02,SCR,5.35,1,5.35,11,58.85,HOSE
2026-03-12,10:31:05,VPB,28.3,1100000,31130000.0,1100000,31130000.0,HOSE
2026-03-12,10:31:15,VIX,17.5,850000,14875000.0,4401200,76972700.0,HOSE
2026-03-12,10:31:47,VPB,28.3,1090000,30847000.0,2190000,61977000.0,HOSE
2026-03-12,10:31:51,DCM,48.7,7,340.90000000000003,25,1217.5,HOSE
2026-03-12,10:32:18,DCM,48.7,1,48.7,26,1266.2,HOSE
2026-03-12,10:32:41,DCM,48.7,1,48.7,27,1314.9,HOSE
2026-03-12,10:33:02,HPG,27.1,1,27.1,19,514.9,HOSE
2026-03-12,10:33:27,HPG,27.1,2,54.2,21,569.1,HOSE
2026-03-12,10:33:55,VCI,35.7,2,71.4,19,678.3000000000001,HOSE
2026-03-12,10:34:27,TCB,30.3,2,60.6,1230526,40531287.8,HOSE
2026-03-12,10:34:37,TCB,33.2,940000,31208000.000000004,2170526,71739287.80000001,HOSE
2026-03-12,10:34:51,DCM,48.7,2,97.4,29,1412.3000000000002,HOSE
2026-03-12,10:34:59,TCB,33.2,935000,31042000.000000004,3105526,102781287.8,HOSE
2026-03-12,10:35:00,SCR,5.35,1,5.35,12,64.19999999999999,HOSE
2026-03-12,10:35:13,ADS,7.7,30000,231000.0,30000,231000.0,HOSE
2026-03-12,10:35:13,DCM,48.7,1,48.7,30,1461.0000000000002,HOSE
2026-03-12,10:35:14,SCR,5.35,1,5.35,13,69.55,HOSE
2026-03-12,10:35:46,DCM,48.7,1,48.7,31,1509.7,HOSE
2026-03-12,10:36:19,SCR,5.35,1,5.35,14,74.89999999999999,HOSE
2026-03-12,10:36:50,VCB,61.0,32000,1952000.0,32000,1952000.0,HOSE
2026-03-12,10:38:04,VPB,28.3,1080000,30564000.0,3270000,92541000.0,HOSE
2026-03-12,10:38:23,VPB,28.3,1112000,31469600.0,4382000,124010600.0,HOSE
2026-03-12,10:38:38,PPC,9.3,1,9.3,8,74.4,HOSE
2026-03-12,10:40:18,SCR,5.35,1,5.35,15,80.25,HOSE
2026-03-12,10:40:33,TCB,33.2,930000,30876000.000000004,4035526,133657287.8,HOSE
2026-03-12,10:40:50,TCB,33.2,933000,30975600.000000004,4968526,164632887.8,HOSE
2026-03-12,10:41:17,VPB,26.45,1040000,27508000.0,5422000,151518600.0,HOSE
2026-03-12,10:46:30,SCR,5.35,1,5.35,16,85.6,HOSE
2026-03-12,10:48:13,DGC,72.3,67000,4844100.0,67000,4844100.0,HOSE
2026-03-12,10:50:50,SCR,5.35,1,5.35,17,90.95,HOSE
2026-03-12,10:51:19,LSS,7.96,1,7.96,4,31.84,HOSE
2026-03-12,10:53:03,SCR,5.35,1,5.35,18,96.3,HOSE
2026-03-12,10:59:25,SCR,5.35,1,5.35,19,101.65,HOSE
2026-03-12,11:00:09,NLG,25.85,1,25.85,22,568.7,HOSE
2026-03-12,11:00:33,NLG,25.85,2,51.7,24,620.4000000000001,HOSE
2026-03-12,11:00:54,VCI,35.7,2,71.4,21,749.7,HOSE
2026-03-12,11:01:16,VCI,35.7,2,71.4,23,821.1,HOSE
2026-03-12,11:01:37,TCB,30.3,2,60.6,4968528,164632948.4,HOSE
2026-03-12,11:02:01,HPG,27.1,1,27.1,22,596.2,HOSE
2026-03-12,11:02:23,HPG,27.1,1,27.1,23,623.3000000000001,HOSE
2026-03-12,11:02:48,HPG,27.1,2,54.2,25,677.5,HOSE
2026-03-12,11:02:49,AAA,6.64,1,6.64,18,119.52,HOSE
2026-03-12,11:03:09,VCI,35.7,2,71.4,25,892.5000000000001,HOSE
2026-03-12,11:03:30,TCB,30.3,2,60.6,4968530,164633009.00000003,HOSE
2026-03-12,11:05:34,SCR,5.35,1,5.35,20,107.0,HOSE
2026-03-12,11:07:04,EIB,22.45,380000,8531000.0,380000,8531000.0,HOSE
2026-03-12,11:07:58,HPG,27.1,1,27.1,26,704.6,HOSE
2026-03-12,11:08:23,NLG,25.85,2,51.7,26,672.1,HOSE
2026-03-12,11:08:44,NLG,25.85,7,180.95,33,853.0500000000001,HOSE
2026-03-12,11:09:05,TCB,30.3,2,60.6,4968532,164633069.60000002,HOSE
2026-03-12,11:09:06,EIB,24.0,135000,3240000.0,515000,11771000.0,HOSE
2026-03-12,11:09:31,TCB,30.3,1,30.3,4968533,164633099.9,HOSE
2026-03-12,11:09:55,VCI,35.7,1,35.7,26,928.2,HOSE
2026-03-12,11:10:21,TCB,30.3,2,60.6,4968535,164633160.50000003,HOSE
2026-03-12,11:10:53,HPG,27.1,1,27.1,27,731.7,HOSE
2026-03-12,11:11:20,DCM,48.7,2,97.4,33,1607.1,HOSE
2026-03-12,11:11:45,HPG,27.1,1,27.1,28,758.8000000000001,HOSE
2026-03-12,11:12:08,HDB,24.5,170000,4165000.0,170000,4165000.0,HOSE
2026-03-12,11:14:40,EIB,20.9,40000,836000.0,555000,12607000.0,HOSE
2026-03-12,11:16:46,VCI,35.7,7,249.90000000000003,33,1178.1,HOSE
2026-03-12,11:19:02,HPG,27.1,2,54.2,30,813.0,HOSE
2026-03-12,11:19:09,SCR,5.35,1,5.35,21,112.35,HOSE
2026-03-12,11:19:27,DCM,48.7,1,48.7,34,1655.8000000000002,HOSE
2026-03-12,11:19:48,NLG,25.85,1,25.85,34,878.9000000000001,HOSE
2026-03-12,11:20:15,TCB,30.3,1,30.3,4968536,164633190.8,HOSE
2026-03-12,11:20:36,TCB,30.3,2,60.6,4968538,164633251.4,HOSE
2026-03-12,11:20:57,HPG,27.1,2,54.2,32,867.2,HOSE
2026-03-12,11:21:22,TCB,30.3,2,60.6,4968540,164633312.00000003,HOSE
2026-03-12,11:21:49,HPG,27.1,1,27.1,33,894.3000000000001,HOSE
2026-03-12,11:22:11,TCB,30.3,1,30.3,4968541,164633342.3,HOSE
2026-03-12,11:28:08,PPC,9.3,1,9.3,9,83.7,HOSE
2026-03-12,13:01:07,PPC,9.3,1,9.3,10,93.0,HOSE
2026-03-12,13:01:07,SCR,5.35,1,5.35,22,117.7,HOSE
2026-03-12,13:01:07,SCR,5.35,1,5.35,23,123.05,HOSE
2026-03-12,13:01:07,SCR,5.35,1,5.35,24,128.39999999999998,HOSE
2026-03-12,13:01:07,SCR,5.35,1,5.35,25,133.75,HOSE
2026-03-12,13:01:07,AAA,6.64,1,6.64,19,126.16,HOSE
2026-03-12,13:01:07,PPC,9.3,1,9.3,11,102.3,HOSE
2026-03-12,13:01:07,LSS,7.96,1,7.96,5,39.8,HOSE
2026-03-12,13:01:08,SCR,5.35,1,5.35,26,139.1,HOSE
2026-03-12,13:01:23,PDR,14.25,350000,4987500.0,5150000,73387500.0,HOSE
2026-03-12,13:01:34,SCR,5.35,1,5.35,27,144.45,HOSE
2026-03-12,13:01:40,MWG,80.5,49000,3944500.0,49000,3944500.0,HOSE
2026-03-12,13:03:24,SCR,5.35,1,5.35,28,149.79999999999998,HOSE
2026-03-12,13:07:08,TCB,28.95,72000,2084400.0,5040541,166717742.3,HOSE
2026-03-12,13:08:09,VDS,16.0,5000000,80000000.0,5000000,80000000.0,HOSE
2026-03-12,13:08:21,E1VFVN30,32.872,240000,7889280.0,240000,7889280.0,HOSE
2026-03-12,13:09:11,SCR,5.35,1,5.35,29,155.14999999999998,HOSE
2026-03-12,13:10:13,NLG,25.85,2,51.7,36,930.6,HOSE
2026-03-12,13:10:41,HPG,27.1,2,54.2,35,948.5,HOSE
2026-03-12,13:11:07,DCM,48.7,1,48.7,35,1704.5000000000002,HOSE
2026-03-12,13:11:32,VCI,35.7,2,71.4,35,1249.5,HOSE
2026-03-12,13:11:56,VCI,35.7,2,71.4,37,1320.9,HOSE
2026-03-12,13:12:21,HPG,27.1,1,27.1,36,975.6,HOSE
2026-03-12,13:12:45,HPG,27.1,1,27.1,37,1002.7,HOSE
2026-03-12,13:13:02,VSC,22.65,465000,10532250.0,505000,11402250.0,HOSE
2026-03-12,13:13:10,TCB,30.3,2,60.6,5040543,166717802.9,HOSE
2026-03-12,13:13:33,DCM,48.7,1,48.7,36,1753.2,HOSE
2026-03-12,13:14:00,NLG,25.85,2,51.7,38,982.3,HOSE
2026-03-12,13:15:56,LSS,7.96,1,7.96,6,47.76,HOSE
2026-03-12,13:16:42,MWG,85.0,169000,14365000.0,218000,18309500.0,HOSE
2026-03-12,13:17:50,VNM,58.6,111000,6504600.0,111000,6504600.0,HOSE
2026-03-12,13:18:56,NLG,25.85,2,51.7,40,1034.0,HOSE
2026-03-12,13:19:41,TCB,30.3,2,60.6,5040545,166717863.50000003,HOSE
2026-03-12,13:20:08,NLG,25.85,2,51.7,42,1085.7,HOSE
2026-03-12,13:20:57,DCM,48.7,1,48.7,37,1801.9,HOSE
2026-03-12,13:21:02,TCB,30.5,72000,2196000.0,5112545,168913863.50000003,HOSE
2026-03-12,13:21:25,DCM,48.7,2,97.4,39,1899.3,HOSE
2026-03-12,13:21:43,HDB,26.5,1650000,43725000.0,1820000,47890000.0,HOSE
2026-03-12,13:21:54,VCI,35.7,2,71.4,39,1392.3000000000002,HOSE
2026-03-12,13:22:22,TCB,30.3,1,30.3,5112546,168913893.8,HOSE
2026-03-12,13:22:51,TCB,30.3,1,30.3,5112547,168913924.10000002,HOSE
2026-03-12,13:23:18,VCI,35.7,2,71.4,41,1463.7,HOSE
2026-03-12,13:23:50,NLG,25.85,1,25.85,43,1111.5500000000002,HOSE
2026-03-12,13:23:52,NT2,24.55,55000,1350250.0,55000,1350250.0,HOSE
2026-03-12,13:23:52,LSS,7.96,1,7.96,7,55.72,HOSE
2026-03-12,13:25:02,NLG,25.85,1,25.85,44,1137.4,HOSE
2026-03-12,13:25:30,NLG,25.85,2,51.7,46,1189.1,HOSE
2026-03-12,13:25:54,NLG,25.85,2,51.7,48,1240.8000000000002,HOSE
2026-03-12,13:25:58,TLG,47.1,27000,1271700.0,27000,1271700.0,HOSE
2026-03-12,13:26:22,HPG,27.1,2,54.2,39,1056.9,HOSE
2026-03-12,13:26:58,NLG,25.85,2,51.7,50,1292.5,HOSE
2026-03-12,13:27:26,HPG,27.1,2,54.2,41,1111.1,HOSE
2026-03-12,13:29:15,HDB,25.75,1550000,39912500.0,3370000,87802500.0,HOSE
2026-03-12,13:29:52,VCI,35.7,2,71.4,43,1535.1,HOSE
2026-03-12,13:30:18,HPG,27.1,1,27.1,42,1138.2,HOSE
2026-03-12,13:30:42,HDB,25.75,1780000,45835000.0,5150000,133637500.0,HOSE
2026-03-12,13:30:42,DCM,48.7,1,48.7,40,1948.0,HOSE
2026-03-12,13:31:02,HT1,16.0,1,16.0,1,16.0,HOSE
2026-03-12,13:31:05,VCI,35.7,2,71.4,45,1606.5000000000002,HOSE
2026-03-12,13:31:26,HDB,25.75,770000,19827500.0,5920000,153465000.0,HOSE
2026-03-12,13:32:15,PPC,9.3,1,9.3,12,111.6,HOSE
2026-03-12,13:32:17,HDB,25.75,800000,20600000.0,6720000,174065000.0,HOSE
2026-03-12,13:34:01,APG,7.65,49500,378675.0,49500,378675.0,HOSE
2026-03-12,13:37:24,MBB,27.336,450000,12301200.0,2305801,62726389.75,HOSE
2026-03-12,13:38:22,POW,13.2,800000,10560000.0,800000,10560000.0,HOSE
2026-03-12,13:39:23,POW,13.2,385000,5082000.0,1185000,15642000.0,HOSE
2026-03-12,13:40:07,SCR,5.35,1,5.35,30,160.5,HOSE
2026-03-12,13:40:37,AAA,6.64,1,6.64,20,132.79999999999998,HOSE
2026-03-12,13:45:20,PPC,9.3,1,9.3,13,120.9,HOSE
2026-03-12,13:46:45,MBB,27.336,234000,6396624.0,2539801,69123013.75,HOSE
2026-03-12,13:49:45,TCB,32.635,30000,979050.0,5142547,169892974.10000002,HOSE
2026-03-12,13:51:23,VNM,66.8,99000,6613200.0,210000,13117800.0,HOSE
2026-03-12,13:52:44,KOS,34.0,107000,3638000.0,107000,3638000.0,HOSE
2026-03-12,13:53:23,VCB,60.0,35000,2100000.0,67000,4052000.0,HOSE
2026-03-12,13:55:40,VIX,18.25,2083000,38014750.0,6484200,114987450.0,HOSE
2026-03-12,13:57:19,PPC,9.3,1,9.3,14,130.20000000000002,HOSE
2026-03-12,13:59:00,MBB,27.336,2000000,54672000.0,4539801,123795013.75,HOSE
2026-03-12,14:00:07,DGW,44.5,45000,2002500.0,45000,2002500.0,HOSE
2026-03-12,14:00:09,DHC,35.0,101900,3566500.0,101900,3566500.0,HOSE
2026-03-12,14:01:29,SCR,5.35,1,5.35,31,165.85,HOSE
2026-03-12,14:02:59,HDB,25.75,2532000,65199000.0,9252000,239264000.0,HOSE
2026-03-12,14:03:32,SHB,15.0,4652000,69780000.0,4652000,69780000.0,HOSE
2026-03-12,14:04:48,MWG,84.0,20000,1680000.0,238000,19989500.0,HOSE
2026-03-12,14:06:22,NLG,25.0,225100,5627500.0,225150,5628792.5,HOSE
2026-03-12,14:06:54,VHM,100.0,380000,38000000.0,380000,38000000.0,HOSE
2026-03-12,14:07:14,AAA,6.64,1,6.64,21,139.44,HOSE
2026-03-12,14:07:47,HPG,25.51,50000,1275500.0,50042,1276638.2,HOSE
2026-03-12,14:09:18,HSL,6.0,61500,369000.0,61500,369000.0,HOSE
2026-03-12,14:11:55,AAA,6.64,1,6.64,22,146.07999999999998,HOSE
2026-03-12,14:13:07,POW,13.2,800000,10560000.0,1985000,26202000.0,HOSE
2026-03-12,14:13:32,GEX,32.9,20000,658000.0,20000,658000.0,HOSE
2026-03-12,14:14:03,AGG,12.9,799000,10307100.0,1084000,13983600.0,HOSE
2026-03-12,14:14:28,PPC,9.3,1,9.3,15,139.5,HOSE
2026-03-12,14:14:49,OCB,10.15,10000000,101500000.0,10000000,101500000.0,HOSE
2026-03-12,14:14:58,PPC,9.3,1,9.3,16,148.8,HOSE
2026-03-12,14:18:12,OCB,10.15,10000000,101500000.0,20000000,203000000.0,HOSE
2026-03-12,14:18:19,PPC,9.3,1,9.3,17,158.10000000000002,HOSE
2026-03-12,14:18:33,PPC,9.3,1,9.3,18,167.4,HOSE
2026-03-12,14:20:17,SHI,13.1,240000,3144000.0,240000,3144000.0,HOSE
2026-03-12,14:22:05,HPG,25.51,20000,510200.00000000006,70042,1786838.2,HOSE
2026-03-12,14:23:43,TPB,17.4,400000,6959999.999999999,400000,6959999.999999999,HOSE
2026-03-12,14:24:05,AGG,12.9,900000,11610000.0,1984000,25593600.0,HOSE
2026-03-12,14:28:00,AAA,6.64,1,6.64,23,152.72,HOSE
2026-03-12,14:29:06,PPC,9.3,1,9.3,19,176.70000000000002,HOSE
2026-03-12,14:29:54,TAL,39.5,500000,19750000.0,500000,19750000.0,HOSE
2026-03-12,14:31:01,AGG,12.9,800000,10320000.0,2784000,35913600.0,HOSE
2026-03-12,14:31:19,SHI,13.1,236700,3100770.0,476700,6244770.0,HOSE
2026-03-12,14:33:02,MBB,27.336,2316000,63310176.0,6855801,187105189.75,HOSE
2026-03-12,14:33:13,FUEVFVND,34.967,100000,3496700.0,100000,3496700.0,HOSE
2026-03-12,14:34:30,APG,7.65,40500,309825.0,90000,688500.0,HOSE
2026-03-12,14:35:08,AGG,12.9,600000,7740000.0,3384000,43653600.0,HOSE
2026-03-12,14:35:30,VIB,17.0,250000,4250000.0,1916001,34571215.9,HOSE
2026-03-12,14:36:16,TAL,39.5,500000,19750000.0,1000000,39500000.0,HOSE
2026-03-12,14:36:30,VIB,17.0,275000,4675000.0,2191001,39246215.9,HOSE
2026-03-12,14:36:42,TCB,33.25,500000,16625000.0,5642547,186517974.1,HOSE
2026-03-12,14:39:04,AGG,12.9,700000,9030000.0,4084000,52683600.0,HOSE
2026-03-12,14:40:30,VIB,17.0,330000,5610000.0,2521001,44856215.9,HOSE
2026-03-12,14:41:47,AGG,12.9,400000,5160000.0,4484000,57843600.0,HOSE
2026-03-12,14:44:22,SCR,6.0,568958,3413748.0,568989,3413913.85,HOSE
2026-03-12,14:46:37,AGG,12.9,350000,4515000.0,4834000,62358600.0,HOSE
2026-03-12,14:47:24,VNE,4.53,200000,906000.0,200000,906000.0,HOSE
2026-03-12,14:47:29,VPB,25.784,1372000,35375648.0,6794000,186894248.0,HOSE
2026-03-12,14:47:31,VPB,25.784,106000,2733104.0,6900000,189627352.0,HOSE
2026-03-12,14:47:42,ACB,21.65,65000,1407250.0,65000,1407250.0,HOSE
2026-03-12,14:48:35,PNJ,116.783,100000,11678300.0,100000,11678300.0,HOSE
2026-03-12,14:49:07,AGG,12.9,350000,4515000.0,5184000,66873600.0,HOSE
2026-03-12,14:49:14,VNM,61.721,200000,12344200.0,410000,25462000.0,HOSE
2026-03-12,14:49:14,BID,40.82,70000,2857400.0,70000,2857400.0,HOSE
2026-03-12,14:49:14,BID,40.82,40000,1632800.0,110000,4490200.0,HOSE
2026-03-12,14:49:14,CTG,34.369,100000,3436900.0,100000,3436900.0,HOSE
2026-03-12,14:49:14,BID,40.82,30000,1224600.0,140000,5714800.0,HOSE
2026-03-12,14:49:18,PNJ,116.783,50500,5897541.5,150500,17575841.5,HOSE
2026-03-12,14:49:23,BID,41.7,60000,2502000.0,200000,8216800.0,HOSE
2026-03-12,14:50:08,PNJ,116.783,64400,7520825.2,214900,25096666.7,HOSE
2026-03-12,14:50:11,TCH,14.526,470000,6827220.0,470000,6827220.0,HOSE
2026-03-12,14:50:17,VNM,61.757,795000,49096815.0,1205000,74558815.0,HOSE
2026-03-12,14:50:18,VHM,89.26,20000,1785200.0,400000,39785200.0,HOSE
2026-03-12,14:50:41,MBB,27.336,600000,16401600.0,7455801,203506789.75,HOSE
2026-03-12,14:50:49,PNJ,116.783,34000,3970622.0,248900,29067288.7,HOSE
2026-03-12,14:51:13,E1VFVN30,33.139,60773,2013956.447,300773,9903236.447,HOSE
2026-03-12,14:51:19,TCH,14.526,500000,7263000.0,970000,14090220.0,HOSE
2026-03-12,14:51:20,VIC,145.0,4000000,580000000.0,4000000,580000000.0,HOSE
2026-03-12,14:51:31,PNJ,116.783,101100,11806761.3,350000,40874050.0,HOSE
2026-03-12,14:51:44,FUEVFVND,37.074,89902,3333026.748,189902,6829726.748,HOSE
2026-03-12,14:51:58,PNJ,116.783,70000,8174810.0,420000,49048860.0,HOSE
2026-03-12,14:52:22,PNJ,116.783,28900,3375028.7,448900,52423888.7,HOSE
2026-03-12,14:52:27,AGG,12.9,200000,2580000.0,5384000,69453600.0,HOSE
2026-03-12,14:52:58,MBB,27.336,100000,2733600.0,7555801,206240389.75,HOSE
2026-03-12,14:53:14,PNJ,116.783,100000,11678300.0,548900,64102188.7,HOSE
2026-03-12,14:53:30,KDC,51.3,180000,9234000.0,180000,9234000.0,HOSE
2026-03-12,14:53:30,KDC,51.3,230000,11799000.0,410000,21033000.0,HOSE
2026-03-12,14:55:03,MBB,27.336,100000,2733600.0,7655801,208973989.75,HOSE
2026-03-12,14:55:21,TVB,6.88,71000,488480.0,71000,488480.0,HOSE
2026-03-12,14:56:05,MBB,27.336,100000,2733600.0,7755801,211707589.75,HOSE
2026-03-13,09:05:32,TCB,32.1,21800,699780.0,21800,699780.0,HOSE
2026-03-13,09:08:35,HSL,5.3,35000,185500.0,35000,185500.0,HOSE
2026-03-13,09:16:15,OCB,10.1,10000000,101000000.0,10000000,101000000.0,HOSE
2026-03-13,09:16:36,SCR,5.3,1,5.3,1,5.3,HOSE
2026-03-13,09:16:39,LSS,7.94,1,7.94,1,7.94,HOSE
2026-03-13,09:17:18,PPC,9.3,1,9.3,1,9.3,HOSE
2026-03-13,09:18:32,AAA,6.6,1,6.6,1,6.6,HOSE
2026-03-13,09:22:02,SAB,45.5,22000,1001000.0,22000,1001000.0,HOSE
2026-03-13,09:23:01,PPC,9.3,1,9.3,2,18.6,HOSE
2026-03-13,09:24:12,KDC,51.3,500000,25650000.0,500000,25650000.0,HOSE
2026-03-13,09:34:08,VCB,61.0,26000,1586000.0,26000,1586000.0,HOSE
2026-03-13,09:36:04,MSB,11.25,5065000,56981250.0,5065000,56981250.0,HOSE
2026-03-13,09:41:27,AAA,6.6,1,6.6,2,13.2,HOSE
2026-03-13,09:42:09,OCB,10.05,10000000,100500000.0,20000000,201500000.0,HOSE
2026-03-13,09:45:08,AAA,6.6,1,6.6,3,19.8,HOSE
2026-03-13,09:45:17,SCR,5.3,1,5.3,2,10.6,HOSE
2026-03-13,09:47:04,AAA,6.6,1,6.6,4,26.4,HOSE
2026-03-13,09:49:04,AAA,6.6,1,6.6,5,33.0,HOSE
2026-03-13,09:49:39,STB,61.2,460000,28152000.0,460000,28152000.0,HOSE
2026-03-13,09:50:11,VND,17.5,576000,10080000.0,576000,10080000.0,HOSE
2026-03-13,09:50:56,PPC,9.3,1,9.3,3,27.9,HOSE
2026-03-13,09:54:28,OCB,10.05,10000000,100500000.0,30000000,302000000.0,HOSE
2026-03-13,09:54:55,SCR,5.3,1,5.3,3,15.9,HOSE
2026-03-13,09:55:33,LSS,7.94,1,7.94,2,15.88,HOSE
2026-03-13,09:55:47,AAA,6.6,1,6.6,6,39.6,HOSE
2026-03-13,09:55:48,LSS,7.94,1,7.94,3,23.82,HOSE
2026-03-13,09:56:39,LSS,7.94,1,7.94,4,31.76,HOSE
2026-03-13,09:58:40,AAA,6.6,1,6.6,7,46.2,HOSE
2026-03-13,10:02:56,AAA,6.6,1,6.6,8,52.8,HOSE
2026-03-13,10:03:57,SCR,5.3,1,5.3,4,21.2,HOSE
2026-03-13,10:10:12,SCR,5.3,1,5.3,5,26.5,HOSE
2026-03-13,10:13:43,PPC,9.3,1,9.3,4,37.2,HOSE
2026-03-13,10:14:28,SCR,5.3,1,5.3,6,31.8,HOSE
2026-03-13,10:17:27,PPC,9.3,1,9.3,5,46.5,HOSE
2026-03-13,10:19:47,SCR,5.3,1,5.3,7,37.1,HOSE
2026-03-13,10:21:25,SHI,13.1,200000,2620000.0,200000,2620000.0,HOSE
2026-03-13,10:26:45,AAA,6.6,1,6.6,9,59.4,HOSE
2026-03-13,10:30:07,VIB,15.5,1,15.5,1,15.5,HOSE
2026-03-13,10:34:10,KBC,32.0,380000,12160000.0,380000,12160000.0,HOSE
2026-03-13,10:34:20,PPC,9.3,1,9.3,6,55.8,HOSE
2026-03-13,10:36:31,AAA,6.6,1,6.6,10,66.0,HOSE
2026-03-13,10:37:54,SCR,5.3,1,5.3,8,42.4,HOSE
2026-03-13,10:40:00,AAA,6.6,1,6.6,11,72.6,HOSE
2026-03-13,10:43:31,SCR,5.3,1,5.3,9,47.7,HOSE
2026-03-13,10:44:23,AAA,6.6,1,6.6,12,79.19999999999999,HOSE
2026-03-13,10:49:53,LPB,43.95,230000,10108500.0,230000,10108500.0,HOSE
2026-03-13,10:52:09,SHI,13.1,200000,2620000.0,400000,5240000.0,HOSE
2026-03-13,10:52:19,SCR,5.3,1,5.3,10,53.0,HOSE
2026-03-13,10:52:56,NLG,26.85,1,26.85,1,26.85,HOSE
2026-03-13,10:53:33,TCB,31.1,1,31.1,21801,699811.1,HOSE
2026-03-13,10:54:21,NLG,26.85,2,53.7,3,80.55000000000001,HOSE
2026-03-13,10:54:42,TCB,31.1,2,62.2,21803,699873.3,HOSE
2026-03-13,10:55:03,TCB,31.1,2,62.2,21805,699935.5,HOSE
2026-03-13,10:55:28,SCR,5.3,1,5.3,11,58.3,HOSE
2026-03-13,10:55:28,DCM,48.15,2,96.3,2,96.3,HOSE
2026-03-13,10:55:42,PPC,9.3,1,9.3,7,65.10000000000001,HOSE
2026-03-13,10:55:53,VCI,37.2,1,37.2,1,37.2,HOSE
2026-03-13,10:56:16,VCI,37.2,2,74.4,3,111.6,HOSE
2026-03-13,10:56:36,HPG,27.4,1,27.4,1,27.4,HOSE
2026-03-13,10:56:59,DCM,48.15,2,96.3,4,192.6,HOSE
2026-03-13,10:58:08,VCI,37.2,1,37.2,4,148.8,HOSE
2026-03-13,10:58:37,NLG,26.85,3,80.55000000000001,6,161.10000000000002,HOSE
2026-03-13,10:58:57,VCI,37.2,1,37.2,5,186.0,HOSE
2026-03-13,10:59:36,NLG,26.85,1,26.85,7,187.95,HOSE
2026-03-13,11:00:04,HPG,27.4,2,54.8,3,82.19999999999999,HOSE
2026-03-13,11:00:35,HPG,27.4,3,82.19999999999999,6,164.39999999999998,HOSE
2026-03-13,11:00:57,LSS,7.94,1,7.94,5,39.7,HOSE
2026-03-13,11:00:59,NLG,26.85,2,53.7,9,241.65000000000003,HOSE
2026-03-13,11:01:26,NLG,26.85,2,53.7,11,295.35,HOSE
2026-03-13,11:01:53,NLG,26.85,7,187.95,18,483.30000000000007,HOSE
2026-03-13,11:02:32,NLG,26.85,2,53.7,20,537.0,HOSE
2026-03-13,11:02:42,FPT,83.1,380000,31578000.0,380000,31578000.0,HOSE
2026-03-13,11:03:50,FPT,83.1,360000,29916000.0,740000,61493999.99999999,HOSE
2026-03-13,11:04:21,FPT,83.1,368000,30580800.0,1108000,92074800.0,HOSE
2026-03-13,11:05:16,VPB,27.55,1150000,31682500.0,1150000,31682500.0,HOSE
2026-03-13,11:05:41,VPB,27.55,1120000,30856000.0,2270000,62538500.0,HOSE
2026-03-13,11:06:06,VCI,37.2,1,37.2,6,223.2,HOSE
2026-03-13,11:06:36,DCM,48.15,1,48.15,5,240.75,HOSE
2026-03-13,11:07:06,SCR,5.3,1,5.3,12,63.6,HOSE
2026-03-13,11:07:09,TCB,31.1,1,31.1,21806,699966.6,HOSE
2026-03-13,11:07:39,HPG,27.4,1,27.4,7,191.8,HOSE
2026-03-13,11:08:41,SCR,5.3,1,5.3,13,68.89999999999999,HOSE
2026-03-13,11:08:45,FPT,83.1,73000,6066300.0,1181000,98141100.0,HOSE
2026-03-13,11:08:52,HPG,27.4,2,54.8,9,246.6,HOSE
2026-03-13,11:09:22,SCR,5.3,1,5.3,14,74.2,HOSE
2026-03-13,11:10:03,VCI,37.2,1,37.2,7,260.40000000000003,HOSE
2026-03-13,11:10:31,DCM,48.15,2,96.3,7,337.04999999999995,HOSE
2026-03-13,11:12:14,HAP,7.77,500000,3885000.0,500000,3885000.0,HOSE
2026-03-13,11:12:24,DCM,48.15,1,48.15,8,385.2,HOSE
2026-03-13,11:12:54,NLG,26.85,1,26.85,21,563.85,HOSE
2026-03-13,11:13:20,DCM,48.15,1,48.15,9,433.35,HOSE
2026-03-13,11:14:42,NLG,26.85,1,26.85,22,590.7,HOSE
2026-03-13,11:15:16,VCI,37.2,1,37.2,8,297.6,HOSE
2026-03-13,11:15:40,DCM,48.15,2,96.3,11,529.65,HOSE
2026-03-13,11:16:04,TCB,31.1,3,93.3,21809,700059.9,HOSE
2026-03-13,11:16:30,DCM,48.15,1,48.15,12,577.8,HOSE
2026-03-13,11:16:53,DCM,48.15,1,48.15,13,625.9499999999999,HOSE
2026-03-13,11:17:25,NLG,26.85,2,53.7,24,644.4000000000001,HOSE
2026-03-13,11:17:53,ACB,21.6,195000,4212000.0,195000,4212000.0,HOSE
2026-03-13,11:18:10,ACB,21.6,30000,648000.0,225000,4860000.0,HOSE
2026-03-13,11:18:22,LPB,43.95,1193000,52432350.0,1423000,62540850.0,HOSE
2026-03-13,11:18:31,DCM,48.15,1,48.15,14,674.1,HOSE
2026-03-13,11:18:50,KDC,51.3,500000,25650000.0,1000000,51300000.0,HOSE
2026-03-13,11:19:21,DCM,48.15,2,96.3,16,770.4,HOSE
2026-03-13,11:19:53,VCI,37.2,1,37.2,9,334.8,HOSE
2026-03-13,11:21:26,VDS,16.0,1717338,27477408.0,1717338,27477408.0,HOSE
2026-03-13,11:22:28,VDS,16.0,3282662,52522592.0,5000000,80000000.0,HOSE
2026-03-13,11:22:53,FRT,155.0,217875,33770625.0,217875,33770625.0,HOSE
2026-03-13,11:23:43,VIB,17.2,1091792,18778822.4,1091793,18778837.9,HOSE
2026-03-13,11:25:18,SCR,5.3,1,5.3,15,79.5,HOSE
2026-03-13,11:28:17,SCR,5.3,1,5.3,16,84.8,HOSE
2026-03-13,11:29:46,FPT,83.1,39000,3240900.0,1220000,101382000.0,HOSE
2026-03-13,13:00:44,AAA,6.6,1,6.6,13,85.8,HOSE
2026-03-13,13:00:44,SCR,5.3,1,5.3,17,90.1,HOSE
2026-03-13,13:00:44,AAA,6.6,1,6.6,14,92.4,HOSE
2026-03-13,13:00:44,LSS,7.94,1,7.94,6,47.64,HOSE
2026-03-13,13:00:44,LSS,7.94,1,7.94,7,55.580000000000005,HOSE
2026-03-13,13:00:44,AAA,6.6,1,6.6,15,99.0,HOSE
2026-03-13,13:00:44,SCR,5.3,1,5.3,18,95.4,HOSE
2026-03-13,13:00:44,SCR,5.3,1,5.3,19,100.7,HOSE
2026-03-13,13:00:44,AAA,6.6,1,6.6,16,105.6,HOSE
2026-03-13,13:00:44,SCR,5.3,1,5.3,20,106.0,HOSE
2026-03-13,13:00:45,LSS,7.94,1,7.94,8,63.52,HOSE
2026-03-13,13:00:45,AAA,6.6,1,6.6,17,112.2,HOSE
2026-03-13,13:00:45,LSS,7.94,1,7.94,9,71.46000000000001,HOSE
2026-03-13,13:00:45,SCR,5.3,1,5.3,21,111.3,HOSE
2026-03-13,13:00:45,SCR,5.3,1,5.3,22,116.6,HOSE
2026-03-13,13:00:45,SCR,5.3,1,5.3,23,121.9,HOSE
2026-03-13,13:00:45,AAA,6.6,1,6.6,18,118.8,HOSE
2026-03-13,13:00:45,AAA,6.6,1,6.6,19,125.4,HOSE
2026-03-13,13:00:45,SCR,5.3,1,5.3,24,127.2,HOSE
2026-03-13,13:00:45,PPC,9.3,1,9.3,8,74.4,HOSE
2026-03-13,13:07:36,MWG,85.0,280000,23800000.0,280000,23800000.0,HOSE
2026-03-13,13:08:03,MWG,85.0,310000,26350000.0,590000,50150000.0,HOSE
2026-03-13,13:08:27,MWG,84.609,600000,50765400.0,1190000,100915400.0,HOSE
2026-03-13,13:10:08,FPT,79.582,50000,3979100.0,1270000,105361100.0,HOSE
2026-03-13,13:11:25,SCR,5.3,1,5.3,25,132.5,HOSE
2026-03-13,13:12:27,VPB,25.75,1290000,33217500.0,3560000,95756000.0,HOSE
2026-03-13,13:13:50,VPB,25.75,1255000,32316250.0,4815000,128072250.0,HOSE
2026-03-13,13:15:01,SCR,5.3,1,5.3,26,137.79999999999998,HOSE
2026-03-13,13:16:45,NLG,26.85,1,26.85,25,671.25,HOSE
2026-03-13,13:17:19,NLG,26.85,1,26.85,26,698.1,HOSE
2026-03-13,13:17:34,PVD,40.0,112000,4480000.0,112000,4480000.0,HOSE
2026-03-13,13:17:44,TCB,31.1,2,62.2,21811,700122.1,HOSE
2026-03-13,13:18:11,NLG,26.85,2,53.7,28,751.8000000000001,HOSE
2026-03-13,13:18:28,SHB,13.95,200000,2790000.0,200000,2790000.0,HOSE
2026-03-13,13:18:29,CTI,23.05,180000,4149000.0,180000,4149000.0,HOSE
2026-03-13,13:18:43,VCI,37.2,1,37.2,10,372.0,HOSE
2026-03-13,13:19:06,TCB,31.1,1,31.1,21812,700153.2,HOSE
2026-03-13,13:19:14,VPI,56.5,89000,5028500.0,89000,5028500.0,HOSE
2026-03-13,13:19:17,MBB,27.0,1000000,27000000.0,1000000,27000000.0,HOSE
2026-03-13,13:19:27,POW,14.0,4517000,63238000.0,4517000,63238000.0,HOSE
2026-03-13,13:19:28,VHM,102.6,210000,21546000.0,210000,21546000.0,HOSE
2026-03-13,13:19:29,DCM,48.15,1,48.15,17,818.55,HOSE
2026-03-13,13:19:50,TCB,27.95,20000,559000.0,41812,1259153.2,HOSE
2026-03-13,13:19:52,HPG,27.4,1,27.4,10,274.0,HOSE
2026-03-13,13:20:13,VCI,37.2,1,37.2,11,409.2000000000001,HOSE
2026-03-13,13:20:38,VCI,37.2,1,37.2,12,446.4,HOSE
2026-03-13,13:21:09,E1VFVN30,33.146,100000,3314600.0,100000,3314600.0,HOSE
2026-03-13,13:21:11,POW,14.0,7000000,98000000.0,11517000,161238000.0,HOSE
2026-03-13,13:21:27,FUEVFVND,36.994,100000,3699400.0,100000,3699400.0,HOSE
2026-03-13,13:21:34,POW,14.0,4373000,61222000.0,15890000,222460000.0,HOSE
2026-03-13,13:21:59,POW,14.0,2110000,29540000.0,18000000,252000000.0,HOSE
2026-03-13,13:22:09,FPT,83.1,260000,21606000.0,1530000,126967100.0,HOSE
2026-03-13,13:22:30,HDC,18.0,450000,8100000.0,450000,8100000.0,HOSE
2026-03-13,13:22:52,HDC,18.0,150000,2700000.0,600000,10800000.0,HOSE
2026-03-13,13:22:54,SSB,16.8,1750000,29400000.0,1750000,29400000.0,HOSE
2026-03-13,13:23:18,HCM,23.0,300000,6900000.0,300000,6900000.0,HOSE
2026-03-13,13:23:44,HHS,11.0,1000000,11000000.0,1000000,11000000.0,HOSE
2026-03-13,13:24:04,SHB,15.0,1000000,15000000.0,1200000,17790000.0,HOSE
2026-03-13,13:24:17,TLD,8.0,130000,1040000.0,130000,1040000.0,HOSE
2026-03-13,13:24:19,FPT,83.1,45000,3739500.0,1575000,130706600.0,HOSE
2026-03-13,13:24:23,BID,42.0,150000,6300000.0,150000,6300000.0,HOSE
2026-03-13,13:24:48,VJC,152.8,20000,3056000.0,20000,3056000.0,HOSE
2026-03-13,13:24:57,BID,42.0,50000,2100000.0,200000,8400000.0,HOSE
2026-03-13,13:25:15,SHI,14.0,4000000,56000000.0,4400000,61240000.0,HOSE
2026-03-13,13:25:21,VPB,27.55,1070000,29478500.0,5885000,157550750.0,HOSE
2026-03-13,13:25:43,SCR,5.3,1,5.3,27,143.1,HOSE
2026-03-13,13:25:43,DCM,48.15,2,96.3,19,914.85,HOSE
2026-03-13,13:26:21,TCB,31.1,2,62.2,41814,1259215.4,HOSE
2026-03-13,13:26:44,NLG,26.85,2,53.7,30,805.5,HOSE
2026-03-13,13:27:12,NLG,26.85,2,53.7,32,859.2,HOSE
2026-03-13,13:27:35,HPG,27.4,1,27.4,11,301.4,HOSE
2026-03-13,13:28:00,VCI,37.2,2,74.4,14,520.8000000000001,HOSE
2026-03-13,13:28:21,NLG,26.85,1,26.85,33,886.0500000000001,HOSE
2026-03-13,13:28:28,VIB,16.746,5000000,83730000.0,6091793,102508837.9,HOSE
2026-03-13,13:28:48,NLG,26.85,1,26.85,34,912.9,HOSE
2026-03-13,13:28:49,HPG,24.96,50000,1248000.0,50011,1248301.4,HOSE
2026-03-13,13:29:08,TCH,14.421,4997200,72064621.2,4997200,72064621.2,HOSE
2026-03-13,13:29:08,VCI,37.2,1,37.2,15,558.0,HOSE
2026-03-13,13:29:29,KDH,25.968,3000000,77904000.0,3000000,77904000.0,HOSE
2026-03-13,13:29:31,TCB,31.1,2,62.2,41816,1259277.6,HOSE
2026-03-13,13:29:40,MWG,84.6,70000,5922000.0,1260000,106837400.0,HOSE
2026-03-13,13:30:07,TCB,27.9,1,27.9,41817,1259305.5,HOSE
2026-03-13,13:30:46,SSB,16.8,1750000,29400000.0,3500000,58800000.0,HOSE
2026-03-13,13:32:38,SCR,5.3,1,5.3,28,148.4,HOSE
2026-03-13,13:32:47,AAA,6.6,1,6.6,20,132.0,HOSE
2026-03-13,13:32:54,MBB,27.0,9000000,243000000.0,10000000,270000000.0,HOSE
2026-03-13,13:33:36,TCB,32.05,20000,641000.0,61817,1900305.5,HOSE
2026-03-13,13:35:02,VCI,37.2,1,37.2,16,595.2,HOSE
2026-03-13,13:35:29,VCI,37.2,1,37.2,17,632.4000000000001,HOSE
2026-03-13,13:35:55,VCI,37.2,2,74.4,19,706.8000000000001,HOSE
2026-03-13,13:35:56,SHI,13.1,250000,3275000.0,4650000,64515000.0,HOSE
2026-03-13,13:36:15,HPG,27.4,1,27.4,50012,1248328.7999999998,HOSE
2026-03-13,13:36:40,NLG,26.85,1,26.85,35,939.75,HOSE
2026-03-13,13:36:44,SSB,16.8,1750000,29400000.0,5250000,88200000.0,HOSE
2026-03-13,13:37:05,VCI,37.2,1,37.2,20,744.0,HOSE
2026-03-13,13:37:32,VCI,37.2,1,37.2,21,781.2,HOSE
2026-03-13,13:37:55,VCI,37.2,2,74.4,23,855.6,HOSE
2026-03-13,13:38:17,DCM,48.15,1,48.15,20,963.0,HOSE
2026-03-13,13:38:39,PDR,14.5,300000,4350000.0,300000,4350000.0,HOSE
2026-03-13,13:38:41,TCB,31.1,1,31.1,61818,1900336.6,HOSE
2026-03-13,13:39:09,SSI,29.15,500000,14575000.0,500000,14575000.0,HOSE
2026-03-13,13:41:08,NLG,26.85,2,53.7,37,993.45,HOSE
2026-03-13,13:41:36,HPG,27.4,1,27.4,50013,1248356.2,HOSE
2026-03-13,13:42:06,TCB,31.1,1,31.1,61819,1900367.7,HOSE
2026-03-13,13:42:30,HPG,27.4,1,27.4,50014,1248383.6,HOSE
2026-03-13,13:42:55,NLG,26.85,1,26.85,38,1020.3,HOSE
2026-03-13,13:43:21,TCB,31.1,2,62.2,61821,1900429.9,HOSE
2026-03-13,13:44:37,TCB,30.0,1150000,34500000.0,1211821,36400429.9,HOSE
2026-03-13,13:44:49,TCB,30.0,900000,27000000.0,2111821,63400429.9,HOSE
2026-03-13,13:45:44,HPG,27.4,2,54.8,50016,1248438.4,HOSE
2026-03-13,13:46:09,DCM,48.15,2,96.3,22,1059.3,HOSE
2026-03-13,13:46:32,VCI,37.2,1,37.2,24,892.8000000000001,HOSE
2026-03-13,13:51:19,VND,17.0,200000,3400000.0,776000,13480000.0,HOSE
2026-03-13,13:52:11,PVD,40.0,1138000,45520000.0,1250000,50000000.0,HOSE
2026-03-13,13:52:54,DCM,48.15,2,96.3,24,1155.6,HOSE
2026-03-13,13:53:03,AAA,6.6,1,6.6,21,138.6,HOSE
2026-03-13,13:53:23,VCI,37.2,1,37.2,25,930.0,HOSE
2026-03-13,13:53:46,DCM,48.15,1,48.15,25,1203.75,HOSE
2026-03-13,13:54:12,HPG,27.4,2,54.8,50018,1248493.2,HOSE
2026-03-13,13:54:27,PDR,14.5,310000,4495000.0,610000,8845000.0,HOSE
2026-03-13,13:54:35,NLG,26.85,2,53.7,40,1074.0,HOSE
2026-03-13,13:54:58,NLG,26.85,2,53.7,42,1127.7,HOSE
2026-03-13,13:55:25,DCM,48.15,1,48.15,26,1251.9,HOSE
2026-03-13,13:55:48,DCM,48.15,1,48.15,27,1300.05,HOSE
2026-03-13,13:56:11,DCM,48.15,1,48.15,28,1348.2,HOSE
2026-03-13,13:56:28,PDR,14.5,90000,1305000.0,700000,10150000.0,HOSE
2026-03-13,13:56:28,PDR,14.5,450000,6525000.0,1150000,16675000.0,HOSE
2026-03-13,13:56:28,PDR,14.5,450000,6525000.0,1600000,23200000.0,HOSE
2026-03-13,13:56:36,AAA,6.6,1,6.6,22,145.2,HOSE
2026-03-13,13:56:38,NLG,26.85,1,26.85,43,1154.5500000000002,HOSE
2026-03-13,13:57:42,PDR,14.5,422000,6119000.0,2022000,29319000.0,HOSE
2026-03-13,13:58:11,AAA,6.6,1,6.6,23,151.79999999999998,HOSE
2026-03-13,13:59:08,OCB,10.1,7087593,71584689.3,37087593,373584689.3,HOSE
2026-03-13,13:59:22,HPG,27.4,2,54.8,50020,1248548.0,HOSE
2026-03-13,13:59:47,DCM,48.15,1,48.15,29,1396.35,HOSE
2026-03-13,14:00:08,VCI,37.2,1,37.2,26,967.2,HOSE
2026-03-13,14:00:17,HAG,15.0,20000,300000.0,20000,300000.0,HOSE
2026-03-13,14:00:30,HPG,27.4,2,54.8,50022,1248602.7999999998,HOSE
2026-03-13,14:00:38,HAG,15.0,20000,300000.0,40000,600000.0,HOSE
2026-03-13,14:00:39,HDB,25.7,1600000,41120000.0,1600000,41120000.0,HOSE
2026-03-13,14:00:53,HPG,27.4,2,54.8,50024,1248657.6,HOSE
2026-03-13,14:01:06,PDR,14.5,278000,4031000.0,2300000,33350000.0,HOSE
2026-03-13,14:01:27,TCB,31.1,1,31.1,2111822,63400461.0,HOSE
2026-03-13,14:01:49,TCB,31.1,1,31.1,2111823,63400492.1,HOSE
2026-03-13,14:02:13,TCB,31.1,1,31.1,2111824,63400523.2,HOSE
2026-03-13,14:02:40,HPG,27.4,2,54.8,50026,1248712.4,HOSE
2026-03-13,14:03:15,HPG,27.473,550000,15110150.0,600026,16358862.4,HOSE
2026-03-13,14:03:16,HPG,27.4,1,27.4,600027,16358889.8,HOSE
2026-03-13,14:03:42,TCB,31.1,1,31.1,2111825,63400554.3,HOSE
2026-03-13,14:04:06,NLG,26.85,1,26.85,44,1181.4,HOSE
2026-03-13,14:04:32,HPG,27.4,1,27.4,600028,16358917.2,HOSE
2026-03-13,14:04:44,VJC,152.8,55000,8404000.0,75000,11460000.0,HOSE
2026-03-13,14:05:02,NLG,26.85,2,53.7,46,1235.1,HOSE
2026-03-13,14:05:28,TCB,31.1,2,62.2,2111827,63400616.5,HOSE
2026-03-13,14:05:55,TCB,30.0,1150000,34500000.0,3261827,97900616.5,HOSE
2026-03-13,14:07:29,HDB,25.7,940000,24158000.0,2540000,65278000.0,HOSE
2026-03-13,14:08:00,HDB,25.7,1040000,26728000.0,3580000,92006000.0,HOSE
2026-03-13,14:10:38,SHI,13.1,160000,2096000.0,4810000,66611000.0,HOSE
2026-03-13,14:10:43,MSB,11.25,131000,1473750.0,5196000,58455000.0,HOSE
2026-03-13,14:11:17,LSS,7.94,1,7.94,10,79.4,HOSE
2026-03-13,14:12:31,MWG,90.5,23000,2081500.0,1283000,108918900.0,HOSE
2026-03-13,14:12:40,MSB,11.0,819000,9009000.0,6015000,67464000.0,HOSE
2026-03-13,14:12:46,CCC,8.99,370000,3326300.0,370000,3326300.0,HOSE
2026-03-13,14:13:34,MSB,11.0,1000000,11000000.0,7015000,78464000.0,HOSE
2026-03-13,14:14:04,CCC,8.99,400000,3596000.0,770000,6922300.0,HOSE
2026-03-13,14:18:08,AAA,6.6,1,6.6,24,158.39999999999998,HOSE
2026-03-13,14:22:13,ACB,21.56,65000,1401400.0,290000,6261400.0,HOSE
2026-03-13,14:25:28,SHI,13.1,240000,3144000.0,5050000,69755000.0,HOSE
2026-03-13,14:26:25,HDB,26.5,300000,7950000.0,3880000,99956000.0,HOSE
2026-03-13,14:26:50,OCB,10.1,10000000,101000000.0,47087593,474584689.3,HOSE
2026-03-13,14:28:01,OCB,10.1,556054,5616145.399999999,47643647,480200834.7,HOSE
2026-03-13,14:28:27,KBC,32.0,380000,12160000.0,760000,24320000.0,HOSE
2026-03-13,14:31:51,TAL,39.5,1067347,42160206.5,1067347,42160206.5,HOSE
2026-03-13,14:32:35,VHM,90.0,25000,2250000.0,235000,23796000.0,HOSE
2026-03-13,14:33:46,SHI,13.1,150000,1965000.0,5200000,71720000.0,HOSE
2026-03-13,14:39:33,VIX,17.9,50000,894999.9999999999,50000,894999.9999999999,HOSE
2026-03-13,14:49:00,KDC,51.3,300000,15390000.0,1300000,66690000.0,HOSE
2026-03-13,14:49:33,FUEVFVND,36.727,40900,1502134.2999999998,140900,5201534.3,HOSE
2026-03-13,14:49:53,OCB,10.1,259200,2617920.0,47902847,482818754.7,HOSE
2026-03-13,14:53:41,TPB,17.1,280000,4788000.0,280000,4788000.0,HOSE
2026-03-13,14:54:14,MBB,27.0,175100,4727700.0,10175100,274727700.0,HOSE
2026-03-16,09:06:43,VPX,32.7,1,32.7,1,32.7,HOSE
2026-03-16,09:16:06,AAA,6.6,1,6.6,1,6.6,HOSE
2026-03-16,09:16:37,AAA,6.6,1,6.6,2,13.2,HOSE
2026-03-16,09:16:38,SCR,5.32,1,5.32,1,5.32,HOSE
2026-03-16,09:17:02,AAA,6.6,1,6.6,3,19.8,HOSE
2026-03-16,09:17:19,SCR,5.32,1,5.32,2,10.64,HOSE
2026-03-16,09:17:59,NAB,12.5,1600000,20000000.0,1600000,20000000.0,HOSE
2026-03-16,09:19:33,SCR,5.32,1,5.32,3,15.96,HOSE
2026-03-16,09:23:11,LSS,7.94,1,7.94,1,7.94,HOSE
2026-03-16,09:24:25,HHS,11.2,150000,1680000.0,150000,1680000.0,HOSE
2026-03-16,09:26:35,AAA,6.6,1,6.6,4,26.4,HOSE
2026-03-16,09:27:28,HDB,24.0,50000,1200000.0,50000,1200000.0,HOSE
2026-03-16,09:29:45,SBT,24.0,470000,11280000.0,470000,11280000.0,HOSE
2026-03-16,09:31:01,SCR,5.32,1,5.32,4,21.28,HOSE
2026-03-16,09:31:19,DCM,50.2,1,50.2,1,50.2,HOSE
2026-03-16,09:31:26,AAA,6.6,1,6.6,5,33.0,HOSE
2026-03-16,09:31:45,DCM,50.2,2,100.4,3,150.60000000000002,HOSE
2026-03-16,09:31:50,PPC,9.91,1,9.91,1,9.91,HOSE
2026-03-16,09:32:07,NLG,26.9,1,26.9,1,26.9,HOSE
2026-03-16,09:32:37,HPG,26.8,2,53.6,2,53.6,HOSE
2026-03-16,09:33:05,TCB,30.0,1,30.0,1,30.0,HOSE
2026-03-16,09:33:29,NLG,26.9,2,53.8,3,80.69999999999999,HOSE
2026-03-16,09:34:02,DCM,50.2,1,50.2,4,200.8,HOSE
2026-03-16,09:34:07,SCR,5.32,1,5.32,5,26.6,HOSE
2026-03-16,09:34:27,TCB,30.0,1,30.0,2,60.0,HOSE
2026-03-16,09:34:46,TNT,8.3,193000,1601900.0000000002,193000,1601900.0000000002,HOSE
2026-03-16,09:35:15,NLG,26.9,1,26.9,4,107.6,HOSE
2026-03-16,09:35:45,HPG,26.8,1,26.8,3,80.4,HOSE
2026-03-16,09:36:07,PPC,9.91,1,9.91,2,19.82,HOSE
2026-03-16,09:36:59,AAA,6.6,1,6.6,6,39.6,HOSE
2026-03-16,09:37:58,SCR,5.32,1,5.32,6,31.92,HOSE
2026-03-16,09:38:42,DCM,50.2,1,50.2,5,251.0,HOSE
2026-03-16,09:39:10,VCI,36.6,2,73.2,2,73.2,HOSE
2026-03-16,09:39:38,VCI,36.6,2,73.2,4,146.4,HOSE
2026-03-16,09:40:03,DCM,50.2,2,100.4,7,351.40000000000003,HOSE
2026-03-16,09:40:27,HPG,26.8,7,187.6,10,268.0,HOSE
2026-03-16,09:40:30,KDC,51.2,500000,25600000.0,500000,25600000.0,HOSE
2026-03-16,09:40:55,TCB,30.0,7,210.0,9,270.0,HOSE
2026-03-16,09:41:13,SCR,5.32,1,5.32,7,37.24,HOSE
2026-03-16,09:41:21,VCI,36.6,1,36.6,5,183.0,HOSE
2026-03-16,09:41:46,VCI,36.6,1,36.6,6,219.6,HOSE
2026-03-16,09:42:08,NLG,26.9,1,26.9,5,134.5,HOSE
2026-03-16,09:42:30,TCB,30.0,2,60.0,11,330.0,HOSE
2026-03-16,09:43:08,AAA,6.6,1,6.6,7,46.2,HOSE
2026-03-16,09:44:12,MBB,27.0,392700,10602900.0,392700,10602900.0,HOSE
2026-03-16,09:45:46,DCM,50.2,1,50.2,8,401.6,HOSE
2026-03-16,09:46:20,VCI,36.6,1,36.6,7,256.2,HOSE
2026-03-16,09:46:44,DCM,50.2,1,50.2,9,451.8,HOSE
2026-03-16,09:47:15,DCM,50.2,7,351.40000000000003,16,803.2,HOSE
2026-03-16,09:47:41,HPG,26.8,1,26.8,11,294.8,HOSE
2026-03-16,09:48:05,VCI,36.6,1,36.6,8,292.8,HOSE
2026-03-16,09:48:31,NLG,26.9,3,80.69999999999999,8,215.2,HOSE
2026-03-16,09:48:39,AAA,6.6,1,6.6,8,52.8,HOSE
2026-03-16,09:48:55,HPG,26.8,1,26.8,12,321.6,HOSE
2026-03-16,09:49:47,HPG,26.8,1,26.8,13,348.4,HOSE
2026-03-16,09:50:16,DCM,50.2,1,50.2,17,853.4000000000001,HOSE
2026-03-16,09:50:19,SSB,16.6,4800000,79680000.0,4800000,79680000.0,HOSE
2026-03-16,09:50:38,SCR,5.86,50000,293000.0,50007,293037.24,HOSE
2026-03-16,09:51:57,SSB,16.6,4800000,79680000.0,9600000,159360000.0,HOSE
2026-03-16,09:53:07,TCB,32.1,196600,6310860.0,196611,6311190.0,HOSE
2026-03-16,09:54:53,SAM,6.5,390000,2535000.0,390000,2535000.0,HOSE
2026-03-16,09:56:49,DCM,50.2,1,50.2,18,903.6,HOSE
2026-03-16,09:57:14,TCB,30.0,1,30.0,196612,6311220.0,HOSE
2026-03-16,09:57:44,HPG,26.8,2,53.6,15,402.0,HOSE
2026-03-16,09:58:06,DCM,50.2,1,50.2,19,953.8,HOSE
2026-03-16,09:58:28,DCM,50.2,1,50.2,20,1004.0,HOSE
2026-03-16,09:59:07,AAA,6.6,1,6.6,9,59.4,HOSE
2026-03-16,09:59:18,SAM,6.5,390000,2535000.0,780000,5070000.0,HOSE
2026-03-16,09:59:48,DCM,50.2,1,50.2,21,1054.2,HOSE
2026-03-16,10:00:17,VCI,36.6,2,73.2,10,366.0,HOSE
2026-03-16,10:00:23,SCR,5.32,1,5.32,50008,293042.56,HOSE
2026-03-16,10:00:45,HPG,26.8,1,26.8,16,428.8,HOSE
2026-03-16,10:00:47,PPC,9.91,1,9.91,3,29.73,HOSE
2026-03-16,10:01:23,LSS,7.94,1,7.94,2,15.88,HOSE
2026-03-16,10:01:58,HPG,26.8,2,53.6,18,482.4,HOSE
2026-03-16,10:02:09,SCR,5.89,50000,294500.0,100008,587542.56,HOSE
2026-03-16,10:02:25,HPG,26.8,1,26.8,19,509.2,HOSE
2026-03-16,10:03:11,SCR,5.32,1,5.32,100009,587547.88,HOSE
2026-03-16,10:04:12,SCR,5.32,1,5.32,100010,587553.2,HOSE
2026-03-16,10:04:27,DCM,50.2,2,100.4,23,1154.6,HOSE
2026-03-16,10:04:54,SSB,16.6,4000000,66400000.00000001,13600000,225760000.0,HOSE
2026-03-16,10:04:54,VCI,36.6,2,73.2,12,439.2000000000001,HOSE
2026-03-16,10:05:24,TCB,30.0,2,60.0,196614,6311280.0,HOSE
2026-03-16,10:05:42,AAA,6.6,1,6.6,10,66.0,HOSE
2026-03-16,10:05:54,TCB,30.0,2,60.0,196616,6311340.0,HOSE
2026-03-16,10:06:02,HDB,27.3,660000,18018000.0,710000,19218000.0,HOSE
2026-03-16,10:06:10,LSS,7.94,1,7.94,3,23.82,HOSE
2026-03-16,10:06:17,SSB,16.6,4000000,66400000.00000001,17600000,292160000.0,HOSE
2026-03-16,10:06:27,DCM,50.2,2,100.4,25,1255.0,HOSE
2026-03-16,10:06:35,SAM,6.5,55000,357500.0,835000,5427500.0,HOSE
2026-03-16,10:06:54,DCM,50.2,2,100.4,27,1355.4,HOSE
2026-03-16,10:07:00,VCK,32.5,358500,11651250.0,358500,11651250.0,HOSE
2026-03-16,10:07:19,VCI,36.6,1,36.6,13,475.8,HOSE
2026-03-16,10:07:51,HPG,26.8,1,26.8,20,536.0,HOSE
2026-03-16,10:08:27,NLG,26.9,1,26.9,9,242.1,HOSE
2026-03-16,10:08:50,SAM,6.5,1340000,8710000.0,2175000,14137500.0,HOSE
2026-03-16,10:08:56,HPG,26.8,2,53.6,22,589.6,HOSE
2026-03-16,10:12:03,TCB,30.0,1,30.0,196617,6311370.0,HOSE
2026-03-16,10:12:36,VCI,36.6,2,73.2,15,549.0,HOSE
2026-03-16,10:12:46,SAM,6.5,55000,357500.0,2230000,14495000.0,HOSE
2026-03-16,10:12:59,TCB,30.0,1,30.0,196618,6311400.0,HOSE
2026-03-16,10:13:18,TNT,8.3,307000,2548100.0,500000,4150000.0,HOSE
2026-03-16,10:13:24,HPG,26.8,2,53.6,24,643.2,HOSE
2026-03-16,10:13:25,SAM,6.5,1340000,8710000.0,3570000,23205000.0,HOSE
2026-03-16,10:13:48,VCI,36.6,2,73.2,17,622.2,HOSE
2026-03-16,10:14:13,VCI,36.6,1,36.6,18,658.8000000000001,HOSE
2026-03-16,10:14:37,TCB,30.0,1,30.0,196619,6311430.0,HOSE
2026-03-16,10:15:02,TCB,30.0,1,30.0,196620,6311460.0,HOSE
2026-03-16,10:15:02,PPC,9.91,1,9.91,4,39.64,HOSE
2026-03-16,10:15:27,TCB,30.0,2,60.0,196622,6311520.0,HOSE
2026-03-16,10:15:32,NLG,26.4,324120,8556768.0,324129,8557010.1,HOSE
2026-03-16,10:15:47,VRE,25.25,500000,12625000.0,500000,12625000.0,HOSE
2026-03-16,10:15:52,HPG,26.8,2,53.6,26,696.8,HOSE
2026-03-16,10:16:18,SAM,6.5,620000,4030000.0,4190000,27235000.0,HOSE
2026-03-16,10:17:36,TCB,30.0,2,60.0,196624,6311580.0,HOSE
2026-03-16,10:18:02,TCB,30.0,2,60.0,196626,6311640.0,HOSE
2026-03-16,10:18:17,SCR,5.32,1,5.32,100011,587558.52,HOSE
2026-03-16,10:18:27,SHB,15.0,631000,9465000.0,631000,9465000.0,HOSE
2026-03-16,10:18:34,NLG,26.9,2,53.8,324131,8557063.9,HOSE
2026-03-16,10:18:58,VCI,36.6,2,73.2,20,732.0,HOSE
2026-03-16,10:19:07,SHB,15.0,449000,6735000.0,1080000,16200000.0,HOSE
2026-03-16,10:19:23,NLG,26.9,1,26.9,324132,8557090.799999999,HOSE
2026-03-16,10:20:00,DCM,50.2,1,50.2,28,1405.6,HOSE
2026-03-16,10:20:23,NLG,26.9,2,53.8,324134,8557144.6,HOSE
2026-03-16,10:20:53,DCM,50.2,2,100.4,30,1506.0,HOSE
2026-03-16,10:21:14,TCB,30.0,1,30.0,196627,6311670.0,HOSE
2026-03-16,10:21:31,VHM,104.8,230000,24104000.0,230000,24104000.0,HOSE
2026-03-16,10:21:43,TCB,30.0,2,60.0,196629,6311730.0,HOSE
2026-03-16,10:21:48,VHM,104.8,220000,23056000.0,450000,47160000.0,HOSE
2026-03-16,10:22:07,VND,17.0,334900,5693300.0,334900,5693300.0,HOSE
2026-03-16,10:23:48,SAM,6.5,620000,4030000.0,4810000,31265000.0,HOSE
2026-03-16,10:24:23,NLG,26.9,1,26.9,324135,8557171.5,HOSE
2026-03-16,10:24:49,HPG,26.8,1,26.8,27,723.6,HOSE
2026-03-16,10:25:06,SHB,15.0,1000000,15000000.0,2080000,31200000.0,HOSE
2026-03-16,10:25:16,VCI,36.6,2,73.2,22,805.2,HOSE
2026-03-16,10:25:33,AAA,6.6,1,6.6,11,72.6,HOSE
2026-03-16,10:25:39,TCB,30.0,1,30.0,196630,6311760.0,HOSE
2026-03-16,10:26:06,VCI,36.6,2,73.2,24,878.4000000000001,HOSE
2026-03-16,10:26:27,TCB,30.0,1,30.0,196631,6311790.0,HOSE
2026-03-16,10:26:54,TCB,30.0,1,30.0,196632,6311820.0,HOSE
2026-03-16,10:27:59,TPB,17.1,340000,5814000.000000001,340000,5814000.000000001,HOSE
2026-03-16,10:28:21,DCM,50.2,1,50.2,31,1556.2,HOSE
2026-03-16,10:28:49,DCM,50.2,3,150.60000000000002,34,1706.8000000000002,HOSE
2026-03-16,10:29:12,VCI,36.6,1,36.6,25,915.0,HOSE
2026-03-16,10:29:30,LSS,7.94,1,7.94,4,31.76,HOSE
2026-03-16,10:31:47,VTP,95.3,33000,3144900.0,33000,3144900.0,HOSE
2026-03-16,10:31:58,OCB,11.4,207000,2359800.0,207000,2359800.0,HOSE
2026-03-16,10:32:49,VCI,36.6,1,36.6,26,951.6,HOSE
2026-03-16,10:33:15,NLG,26.9,2,53.8,324137,8557225.299999999,HOSE
2026-03-16,10:33:37,DCM,50.2,1,50.2,35,1757.0000000000002,HOSE
2026-03-16,10:34:02,TCB,30.0,1,30.0,196633,6311850.0,HOSE
2026-03-16,10:34:26,TCB,30.0,1,30.0,196634,6311880.0,HOSE
2026-03-16,10:34:50,HPG,26.8,1,26.8,28,750.4,HOSE
2026-03-16,10:35:13,VCI,36.6,1,36.6,27,988.2,HOSE
2026-03-16,10:35:36,TCB,30.0,1,30.0,196635,6311910.0,HOSE
2026-03-16,10:36:06,HPG,26.8,1,26.8,29,777.2,HOSE
2026-03-16,10:36:27,VCI,36.6,2,73.2,29,1061.4,HOSE
2026-03-16,10:37:51,AAA,6.6,1,6.6,12,79.19999999999999,HOSE
2026-03-16,10:38:58,AAA,6.6,1,6.6,13,85.8,HOSE
2026-03-16,10:39:57,SHB,15.0,3652000,54780000.0,5732000,85980000.0,HOSE
2026-03-16,10:41:39,PPC,9.91,1,9.91,5,49.55,HOSE
2026-03-16,10:42:03,NLG,26.9,2,53.8,324139,8557279.1,HOSE
2026-03-16,10:42:31,VCI,36.6,1,36.6,30,1098.0,HOSE
2026-03-16,10:42:53,DCM,50.2,1,50.2,36,1807.2,HOSE
2026-03-16,10:43:19,NLG,26.9,2,53.8,324141,8557332.9,HOSE
2026-03-16,10:43:45,NLG,26.9,1,26.9,324142,8557359.799999999,HOSE
2026-03-16,10:44:10,VCI,36.6,2,73.2,32,1171.2,HOSE
2026-03-16,10:44:44,HPG,26.8,2,53.6,31,830.8,HOSE
2026-03-16,10:45:10,TCB,30.0,1,30.0,196636,6311940.0,HOSE
2026-03-16,10:45:34,VCI,36.6,2,73.2,34,1244.4,HOSE
2026-03-16,10:46:03,NLG,26.9,2,53.8,324144,8557413.6,HOSE
2026-03-16,10:46:39,LSS,7.94,1,7.94,5,39.7,HOSE
2026-03-16,10:48:56,NLG,26.9,1,26.9,324145,8557440.5,HOSE
2026-03-16,10:49:28,NLG,26.9,1,26.9,324146,8557467.4,HOSE
2026-03-16,10:49:50,TCB,30.0,2,60.0,196638,6312000.0,HOSE
2026-03-16,10:52:02,KDC,51.2,500000,25600000.0,1000000,51200000.0,HOSE
2026-03-16,10:52:22,NAB,13.5,759000,10246500.0,2359000,30246500.0,HOSE
2026-03-16,10:52:52,FPT,82.0,325000,26650000.0,325000,26650000.0,HOSE
2026-03-16,10:53:02,MBB,27.0,54200,1463400.0,446900,12066300.0,HOSE
2026-03-16,10:53:22,FPT,82.0,320000,26240000.0,645000,52890000.0,HOSE
2026-03-16,10:54:21,NLG,26.9,2,53.8,324148,8557521.2,HOSE
2026-03-16,10:54:46,NAB,13.5,231000,3118500.0,2590000,33365000.0,HOSE
2026-03-16,10:55:30,VCI,36.6,3,109.8,37,1354.2,HOSE
2026-03-16,10:55:59,HPG,26.8,2,53.6,33,884.4,HOSE
2026-03-16,10:56:24,NLG,26.9,1,26.9,324149,8557548.1,HOSE
2026-03-16,10:56:56,SJS,50.0,270000,13500000.0,270000,13500000.0,HOSE
2026-03-16,10:59:11,VCI,36.6,1,36.6,38,1390.8,HOSE
2026-03-16,10:59:46,SJS,50.0,170000,8500000.0,440000,22000000.0,HOSE
2026-03-16,11:00:18,SCR,5.32,1,5.32,100012,587563.84,HOSE
2026-03-16,11:01:09,SJS,50.0,270000,13500000.0,710000,35500000.0,HOSE
2026-03-16,11:01:35,TCB,29.25,1192600,34883550.0,1389238,41195550.0,HOSE
2026-03-16,11:01:39,SJS,50.0,170000,8500000.0,880000,44000000.0,HOSE
2026-03-16,11:02:03,DCM,50.2,2,100.4,38,1907.6,HOSE
2026-03-16,11:02:29,NLG,26.9,1,26.9,324150,8557575.0,HOSE
2026-03-16,11:02:55,HPG,26.8,2,53.6,35,938.0,HOSE
2026-03-16,11:03:05,PPC,9.91,1,9.91,6,59.46,HOSE
2026-03-16,11:03:17,VCI,36.6,2,73.2,40,1464.0,HOSE
2026-03-16,11:03:22,TCB,29.25,1191800,34860150.0,2581038,76055700.0,HOSE
2026-03-16,11:04:19,VCI,36.6,2,73.2,42,1537.2,HOSE
2026-03-16,11:04:43,TCB,30.0,1,30.0,2581039,76055730.0,HOSE
2026-03-16,11:04:56,TCB,29.25,1088600,31841550.0,3669639,107897280.0,HOSE
2026-03-16,11:06:05,TCB,30.0,2,60.0,3669641,107897340.0,HOSE
2026-03-16,11:06:35,TCB,30.0,2,60.0,3669643,107897400.0,HOSE
2026-03-16,11:07:00,DCM,50.2,2,100.4,40,2008.0,HOSE
2026-03-16,11:07:26,NLG,26.9,1,26.9,324151,8557601.9,HOSE
2026-03-16,11:07:48,HPG,26.8,1,26.8,36,964.8,HOSE
2026-03-16,11:08:12,HPG,26.8,1,26.8,37,991.6,HOSE
2026-03-16,11:08:37,DCM,50.2,2,100.4,42,2108.4,HOSE
2026-03-16,11:09:21,HAG,14.15,124000,1754600.0,124000,1754600.0,HOSE
2026-03-16,11:11:11,SCR,5.32,1,5.32,100013,587569.16,HOSE
2026-03-16,11:11:33,HDB,26.0,460000,11960000.0,1170000,31178000.0,HOSE
2026-03-16,11:14:15,MBB,27.0,1000000,27000000.0,1446900,39066300.0,HOSE
2026-03-16,11:14:47,MBB,27.0,4000000,108000000.0,5446900,147066300.0,HOSE
2026-03-16,11:16:48,SCR,5.32,1,5.32,100014,587574.48,HOSE
2026-03-16,11:19:18,SCR,5.32,1,5.32,100015,587579.8,HOSE
2026-03-16,11:20:54,PPC,9.91,1,9.91,7,69.37,HOSE
2026-03-16,11:22:29,SCR,5.32,1,5.32,100016,587585.12,HOSE
2026-03-16,11:23:09,OPC,22.0,740000,16280000.0,740000,16280000.0,HOSE
2026-03-16,11:23:16,VPI,58.6,69000,4043400.0,69000,4043400.0,HOSE
2026-03-16,11:25:29,OPC,22.0,660000,14520000.0,1400000,30800000.0,HOSE
2026-03-16,11:28:22,OPC,22.0,80000,1760000.0,1480000,32560000.0,HOSE
2026-03-16,11:29:09,OPC,22.0,70000,1540000.0,1550000,34100000.0,HOSE
2026-03-16,13:00:40,PPC,9.91,1,9.91,8,79.28,HOSE
2026-03-16,13:00:40,VIB,15.75,1,15.75,1,15.75,HOSE
2026-03-16,13:00:40,SCR,5.32,1,5.32,100017,587590.44,HOSE
2026-03-16,13:00:40,SCR,5.32,1,5.32,100018,587595.76,HOSE
2026-03-16,13:00:40,SCR,5.32,1,5.32,100019,587601.08,HOSE
2026-03-16,13:00:40,SCR,5.32,1,5.32,100020,587606.4,HOSE
2026-03-16,13:00:40,PPC,9.91,1,9.91,9,89.19,HOSE
2026-03-16,13:00:40,AAA,6.6,1,6.6,14,92.4,HOSE
2026-03-16,13:00:40,AAA,6.6,1,6.6,15,99.0,HOSE
2026-03-16,13:00:40,AAA,6.6,1,6.6,16,105.6,HOSE
2026-03-16,13:00:40,SCR,5.32,1,5.32,100021,587611.72,HOSE
2026-03-16,13:00:40,SCR,5.32,1,5.32,100022,587617.04,HOSE
2026-03-16,13:00:40,AAA,6.6,1,6.6,17,112.2,HOSE
2026-03-16,13:00:40,TPB,14.9,1,14.9,340001,5814014.900000001,HOSE
2026-03-16,13:02:39,MBB,27.7,197988,5484267.6,5644888,152550567.6,HOSE
2026-03-16,13:05:03,NLG,26.4,225100,5942640.0,549251,14500241.9,HOSE
2026-03-16,13:05:21,VCB,60.4,32000,1932800.0,32000,1932800.0,HOSE
2026-03-16,13:05:28,MWG,84.49,169000,14278810.0,169000,14278810.0,HOSE
2026-03-16,13:06:09,PPC,9.91,1,9.91,10,99.1,HOSE
2026-03-16,13:07:03,VDS,16.0,4800000,76800000.0,4800000,76800000.0,HOSE
2026-03-16,13:08:02,SCR,5.32,1,5.32,100023,587622.36,HOSE
2026-03-16,13:08:45,TCB,30.317,72000,2182824.0,3741643,110080224.0,HOSE
2026-03-16,13:10:52,ASG,16.1,2095000,33729500.0,2095000,33729500.0,HOSE
2026-03-16,13:11:18,HDB,25.75,2470000,63602500.0,3640000,94780500.0,HOSE
2026-03-16,13:11:19,SCR,5.32,1,5.32,100024,587627.68,HOSE
2026-03-16,13:11:49,SAB,45.15,22000,993300.0,22000,993300.0,HOSE
2026-03-16,13:12:54,HAG,14.15,103000,1457450.0,227000,3212050.0,HOSE
2026-03-16,13:14:23,SCR,5.32,1,5.32,100025,587633.0,HOSE
2026-03-16,13:17:09,SHB,15.0,3300000,49500000.0,9032000,135480000.0,HOSE
2026-03-16,13:17:30,AAA,6.6,1,6.6,18,118.8,HOSE
2026-03-16,13:17:49,SHI,14.2,1900000,26980000.0,1900000,26980000.0,HOSE
2026-03-16,13:18:18,SHI,14.2,1300000,18460000.0,3200000,45440000.0,HOSE
2026-03-16,13:19:21,VHM,101.0,360000,36360000.0,810000,83520000.0,HOSE
2026-03-16,13:19:35,VCB,60.0,35000,2100000.0,67000,4032800.0,HOSE
2026-03-16,13:20:21,DGW,44.5,45000,2002500.0,45000,2002500.0,HOSE
2026-03-16,13:21:48,VJC,154.0,62200,9578800.0,62200,9578800.0,HOSE
2026-03-16,13:22:56,CTG,35.1,2,70.2,2,70.2,HOSE
2026-03-16,13:22:57,CTG,35.1,2,70.2,4,140.4,HOSE
2026-03-16,13:22:57,CTG,35.1,2,70.2,6,210.6,HOSE
2026-03-16,13:22:57,CTG,35.1,2,70.2,8,280.8,HOSE
2026-03-16,13:22:57,CTG,35.1,2,70.2,10,351.0,HOSE
2026-03-16,13:22:57,CTG,35.1,2,70.2,12,421.2000000000001,HOSE
2026-03-16,13:22:57,CTG,35.1,2,70.2,14,491.4,HOSE
2026-03-16,13:22:57,CTG,35.1,3,105.3,17,596.7,HOSE
2026-03-16,13:22:57,CTG,35.1,2,70.2,19,666.9000000000001,HOSE
2026-03-16,13:22:57,CTG,35.1,2,70.2,21,737.1,HOSE
2026-03-16,13:22:57,CTG,35.1,2,70.2,23,807.3000000000001,HOSE
2026-03-16,13:22:57,CTG,35.1,2,70.2,25,877.5,HOSE
2026-03-16,13:22:57,CTG,35.1,2,70.2,27,947.7,HOSE
2026-03-16,13:22:57,CTG,35.1,2,70.2,29,1017.9,HOSE
2026-03-16,13:22:57,CTG,35.1,3,105.3,32,1123.2,HOSE
2026-03-16,13:22:57,CTG,35.1,2,70.2,34,1193.4,HOSE
2026-03-16,13:22:57,CTG,35.1,2,70.2,36,1263.6,HOSE
2026-03-16,13:22:57,CTG,35.1,2,70.2,38,1333.8000000000002,HOSE
2026-03-16,13:22:58,CTG,35.1,2,70.2,40,1404.0,HOSE
2026-03-16,13:22:58,CTG,35.1,2,70.2,42,1474.2,HOSE
2026-03-16,13:22:58,CTG,35.1,2,70.2,44,1544.4,HOSE
2026-03-16,13:22:58,CTG,35.1,2,70.2,46,1614.6,HOSE
2026-03-16,13:22:58,CTG,35.1,2,70.2,48,1684.8000000000002,HOSE
2026-03-16,13:22:58,CTG,35.1,2,70.2,50,1755.0,HOSE
2026-03-16,13:22:58,CTG,35.1,2,70.2,52,1825.2,HOSE
2026-03-16,13:22:58,CTG,35.1,2,70.2,54,1895.4,HOSE
2026-03-16,13:22:58,CTG,35.1,2,70.2,56,1965.6,HOSE
2026-03-16,13:22:58,CTG,35.1,2,70.2,58,2035.8,HOSE
2026-03-16,13:22:58,CTG,35.1,2,70.2,60,2106.0,HOSE
2026-03-16,13:22:58,CTG,35.1,2,70.2,62,2176.2000000000003,HOSE
2026-03-16,13:22:58,CTG,35.1,2,70.2,64,2246.4,HOSE
2026-03-16,13:22:58,CTG,35.1,2,70.2,66,2316.6,HOSE
2026-03-16,13:22:58,CTG,35.1,2,70.2,68,2386.8,HOSE
2026-03-16,13:22:58,CTG,35.1,2,70.2,70,2457.0,HOSE
2026-03-16,13:22:58,CTG,35.1,2,70.2,72,2527.2000000000003,HOSE
2026-03-16,13:22:58,CTG,35.1,2,70.2,74,2597.4,HOSE
2026-03-16,13:22:58,CTG,35.1,2,70.2,76,2667.6,HOSE
2026-03-16,13:22:58,CTG,35.1,2,70.2,78,2737.8,HOSE
2026-03-16,13:22:58,CTG,35.1,2,70.2,80,2808.0,HOSE
2026-03-16,13:23:26,HDB,26.0,2000000,52000000.0,5640000,146780500.0,HOSE
2026-03-16,13:24:37,SAB,47.0,21000,987000.0,43000,1980300.0,HOSE
2026-03-16,13:27:24,SAB,43.7,27000,1179900.0,70000,3160200.0,HOSE
2026-03-16,13:29:48,TCB,30.0,4223000,126690000.0,7964643,236770224.0,HOSE
2026-03-16,13:30:02,TCB,30.0,4195300,125859000.0,12159943,362629224.0,HOSE
2026-03-16,13:30:06,VCB,62.0,22000,1364000.0,89000,5396800.0,HOSE
2026-03-16,13:30:19,TCB,30.0,4240800,127224000.0,16400743,489853224.0,HOSE
2026-03-16,13:30:38,TCB,30.0,4232000,126960000.0,20632743,616813224.0,HOSE
2026-03-16,13:31:48,KDC,50.0,20000,1000000.0,1020000,52200000.0,HOSE
2026-03-16,13:32:04,HHP,13.0,240000,3120000.0,240000,3120000.0,HOSE
2026-03-16,13:34:05,HPG,24.81,50000,1240500.0,50037,1241491.6,HOSE
2026-03-16,13:35:40,CTG,35.0,29000,1015000.0,29080,1017808.0,HOSE
2026-03-16,13:36:42,HDB,26.0,1530000,39780000.0,7170000,186560500.0,HOSE
2026-03-16,13:37:52,HHP,13.0,240000,3120000.0,480000,6240000.0,HOSE
2026-03-16,13:40:00,SHI,14.5,520000,7540000.0,3720000,52980000.0,HOSE
2026-03-16,13:41:22,HHP,13.0,270000,3510000.0,750000,9750000.0,HOSE
2026-03-16,13:42:07,LSS,7.94,1,7.94,6,47.64,HOSE
2026-03-16,13:42:25,PPC,9.91,1,9.91,11,109.01,HOSE
2026-03-16,13:42:43,CDC,22.7,48000,1089600.0,48000,1089600.0,HOSE
2026-03-16,13:43:09,VIX,15.448,243000,3753864.0,243000,3753864.0,HOSE
2026-03-16,13:43:31,EIB,20.95,28000,586600.0,28000,586600.0,HOSE
2026-03-16,13:43:31,TCB,27.9,20000,558000.0,20652743,617371224.0,HOSE
2026-03-16,13:44:13,KOS,34.5,151000,5209500.0,151000,5209500.0,HOSE
2026-03-16,13:44:34,SAB,46.0,20000,920000.0,90000,4080200.0,HOSE
2026-03-16,13:44:35,SHI,14.5,248000,3596000.0,3968000,56576000.0,HOSE
2026-03-16,13:45:06,POW,13.8,447330,6173154.0,447330,6173154.0,HOSE
2026-03-16,13:45:31,POW,13.8,1655670,22848246.0,2103000,29021400.0,HOSE
2026-03-16,13:45:53,POW,13.8,1322000,18243600.0,3425000,47265000.0,HOSE
2026-03-16,13:46:15,SSI,29.1,94200,2741220.0,94200,2741220.0,HOSE
2026-03-16,13:46:35,SCR,5.32,1,5.32,100026,587638.32,HOSE
2026-03-16,13:46:58,CDC,22.7,48000,1089600.0,96000,2179200.0,HOSE
2026-03-16,13:51:15,EIB,24.05,28000,673400.0,56000,1260000.0,HOSE
2026-03-16,13:53:31,SHI,14.5,340000,4930000.0,4308000,61506000.0,HOSE
2026-03-16,13:55:03,SCR,5.32,1,5.32,100027,587643.64,HOSE
2026-03-16,14:02:06,CII,17.7,100000,1770000.0,100000,1770000.0,HOSE
2026-03-16,14:02:51,EIB,24.0,850000,20400000.0,906000,21660000.0,HOSE
2026-03-16,14:03:02,SHI,14.5,100000,1450000.0,4408000,62956000.0,HOSE
2026-03-16,14:05:06,SHB,15.0,545000,8175000.0,9577000,143655000.0,HOSE
2026-03-16,14:06:01,HDB,25.6,320000,8192000.0,7490000,194752500.0,HOSE
2026-03-16,14:06:42,HDB,25.6,1160000,29696000.0,8650000,224448500.0,HOSE
2026-03-16,14:06:44,TVB,6.83,52700,359941.0,52700,359941.0,HOSE
2026-03-16,14:06:56,AAA,6.6,1,6.6,19,125.4,HOSE
2026-03-16,14:07:06,HDB,25.6,390000,9984000.0,9040000,234432500.0,HOSE
2026-03-16,14:07:20,ACB,22.18,100000,2218000.0,100000,2218000.0,HOSE
2026-03-16,14:07:55,TVB,6.83,1534300,10479269.0,1587000,10839210.0,HOSE
2026-03-16,14:09:09,HAG,15.8,850000,13430000.0,1077000,16642050.0,HOSE
2026-03-16,14:12:37,AAA,6.6,1,6.6,20,132.0,HOSE
2026-03-16,14:13:21,HAG,14.15,127700,1806955.0,1204700,18449005.0,HOSE
2026-03-16,14:15:46,TVB,6.83,1949026,13311847.58,3536026,24151057.58,HOSE
2026-03-16,14:16:52,POW,13.8,892100,12310980.0,4317100,59575980.0,HOSE
2026-03-16,14:17:25,POW,13.8,900200,12422760.0,5217300,71998740.0,HOSE
2026-03-16,14:17:47,POW,13.8,566700,7820460.0,5784000,79819200.0,HOSE
2026-03-16,14:18:45,PDR,15.6,200000,3120000.0,200000,3120000.0,HOSE
2026-03-16,14:19:05,PDR,15.6,500000,7800000.0,700000,10920000.0,HOSE
2026-03-16,14:19:27,PDR,15.6,1050000,16380000.0,1750000,27300000.0,HOSE
2026-03-16,14:24:22,VIX,16.8,1607000,26997600.0,1850000,30751464.0,HOSE
2026-03-16,14:24:28,KDC,51.2,400000,20480000.0,1420000,72680000.0,HOSE
2026-03-16,14:25:09,VIX,16.76,243000,4072680.000000001,2093000,34824144.0,HOSE
2026-03-16,14:27:40,VAB,10.0,3803550,38035500.0,3803550,38035500.0,HOSE
2026-03-16,14:27:54,VAB,10.0,302380,3023800.0,4105930,41059300.0,HOSE
2026-03-16,14:27:54,VSC,24.8,250000,6200000.0,250000,6200000.0,HOSE
2026-03-16,14:28:09,VSC,24.8,250000,6200000.0,500000,12400000.0,HOSE
2026-03-16,14:28:52,GEX,33.75,340000,11475000.0,340000,11475000.0,HOSE
2026-03-16,14:29:08,GEX,33.75,340000,11475000.0,680000,22950000.0,HOSE
2026-03-16,14:29:34,VIX,17.0,800000,13600000.0,2893000,48424144.0,HOSE
2026-03-16,14:29:38,GEX,33.75,70000,2362500.0,750000,25312500.0,HOSE
2026-03-16,14:29:42,VIX,17.0,800000,13600000.0,3693000,62024144.0,HOSE
2026-03-16,14:29:45,TPB,17.0,205000,3485000.0,545001,9299014.9,HOSE
2026-03-16,14:29:52,VIX,17.0,450000,7650000.0,4143000,69674144.0,HOSE
2026-03-16,14:30:04,VIX,17.0,450000,7650000.0,4593000,77324144.0,HOSE
2026-03-16,14:30:11,VIX,17.0,399000,6783000.0,4992000,84107144.0,HOSE
2026-03-16,14:30:19,VIX,17.0,399000,6783000.0,5391000,90890144.0,HOSE
2026-03-16,14:32:15,VAB,10.0,3000000,30000000.0,7105930,71059300.0,HOSE
2026-03-16,14:37:35,HAG,14.15,126000,1782900.0,1330700,20231905.0,HOSE
2026-03-16,14:37:46,VPX,30.6,950200,29076120.0,950201,29076152.7,HOSE
2026-03-16,14:38:17,VPX,30.6,1011900,30964140.0,1962101,60040292.7,HOSE
2026-03-16,14:38:25,E1VFVN30,32.59,100000,3259000.0000000005,100000,3259000.0000000005,HOSE
2026-03-16,14:38:41,FUEVFVND,36.736,80000,2938880.0,80000,2938880.0,HOSE
2026-03-16,14:38:55,HDB,25.5,970000,24735000.0,10010000,259167500.0,HOSE
2026-03-16,14:39:21,BCM,55.2,318000,17553600.0,318000,17553600.0,HOSE
2026-03-16,14:39:45,VHM,92.5,38000,3515000.0,848000,87035000.0,HOSE
2026-03-16,14:40:02,SMC,10.15,500000,5075000.0,500000,5075000.0,HOSE
2026-03-16,14:43:40,POW,13.3,245000,3258500.0,6029000,83077700.0,HOSE
2026-03-16,14:47:18,PNJ,116.607,215000,25070505.0,215000,25070505.0,HOSE
2026-03-16,14:47:19,TCH,14.938,91000,1359358.0,91000,1359358.0,HOSE
2026-03-16,14:47:19,GMD,73.65,100000,7365000.000000001,100000,7365000.000000001,HOSE
2026-03-16,14:47:32,MBB,26.185,198500,5197722.5,5843388,157748290.1,HOSE
2026-03-16,14:47:42,VCK,33.4,500000,16700000.0,858500,28351250.0,HOSE
2026-03-16,14:47:51,SMC,10.15,900000,9135000.0,1400000,14210000.0,HOSE
2026-03-16,14:48:09,BID,40.291,30000,1208730.0,30000,1208730.0,HOSE
2026-03-16,14:48:09,SSI,28.466,85700,2439536.2,179900,5180756.2,HOSE
2026-03-16,14:48:09,HPG,26.687,107000,2855509.0,157037,4097000.6,HOSE
2026-03-16,14:48:09,BID,40.291,20000,805819.9999999999,50000,2014550.0,HOSE
2026-03-16,14:48:59,VCK,33.4,500000,16700000.0,1358500,45051250.0,HOSE
2026-03-16,14:49:45,DPM,30.9,20000,618000.0,20000,618000.0,HOSE
2026-03-16,14:50:11,VCK,33.4,544600,18189640.0,1903100,63240890.0,HOSE
2026-03-16,14:52:30,KDC,51.2,200000,10240000.0,1620000,82920000.0,HOSE
2026-03-16,14:53:29,VNE,4.45,422000,1877900.0,422000,1877900.0,HOSE
2026-03-17,09:04:24,MBB,27.0,50000,1350000.0,50000,1350000.0,HOSE
2026-03-17,09:04:36,KDC,50.8,300000,15240000.0,300000,15240000.0,HOSE
2026-03-17,09:04:38,MBB,27.0,278000,7506000.0,328000,8856000.0,HOSE
2026-03-17,09:05:07,MBB,27.0,673300,18179100.0,1001300,27035100.0,HOSE
2026-03-17,09:10:36,HDB,25.5,280000,7140000.0,280000,7140000.0,HOSE
2026-03-17,09:18:02,ACC,11.65,60000,699000.0,60000,699000.0,HOSE
2026-03-17,09:19:11,TDC,10.3,51000,525300.0,51000,525300.0,HOSE
2026-03-17,09:20:29,AAA,6.75,1,6.75,1,6.75,HOSE
2026-03-17,09:21:57,AAA,6.75,1,6.75,2,13.5,HOSE
2026-03-17,09:25:45,AAA,6.75,1,6.75,3,20.25,HOSE
2026-03-17,09:26:00,TCB,32.3,585000,18895500.0,585000,18895500.0,HOSE
2026-03-17,09:26:11,TCB,32.3,580000,18734000.0,1165000,37629500.0,HOSE
2026-03-17,09:26:19,VIX,16.8,70000,1176000.0,70000,1176000.0,HOSE
2026-03-17,09:26:26,TCB,32.3,570000,18411000.0,1735000,56040500.0,HOSE
2026-03-17,09:26:41,TCB,32.3,565000,18249500.0,2300000,74290000.0,HOSE
2026-03-17,09:26:57,OCB,11.45,1500000,17175000.0,1500000,17175000.0,HOSE
2026-03-17,09:27:10,OCB,11.45,1420795,16268102.749999998,2920795,33443102.75,HOSE
2026-03-17,09:27:21,VND,17.3,880000,15224000.0,880000,15224000.0,HOSE
2026-03-17,09:27:35,VND,17.3,875000,15137500.0,1755000,30361500.0,HOSE
2026-03-17,09:27:44,LSS,7.92,1,7.92,1,7.92,HOSE
2026-03-17,09:27:47,VND,17.3,877000,15172100.0,2632000,45533600.0,HOSE
2026-03-17,09:28:16,HSL,5.2,20000,104000.0,20000,104000.0,HOSE
2026-03-17,09:28:29,GEX,33.5,700000,23450000.0,700000,23450000.0,HOSE
2026-03-17,09:30:07,TPB,14.9,1,14.9,1,14.9,HOSE
2026-03-17,09:30:07,TPB,14.9,1,14.9,2,29.8,HOSE
2026-03-17,09:31:58,LSS,7.92,1,7.92,2,15.84,HOSE
2026-03-17,09:32:25,PPC,9.86,1,9.86,1,9.86,HOSE
2026-03-17,09:34:12,SMC,10.25,1500000,15375000.0,1500000,15375000.0,HOSE
2026-03-17,09:35:18,STB,62.0,550000,34100000.0,550000,34100000.0,HOSE
2026-03-17,09:36:07,STB,62.0,545000,33790000.0,1095000,67890000.0,HOSE
2026-03-17,09:37:25,STB,62.0,543000,33666000.0,1638000,101556000.0,HOSE
2026-03-17,09:38:47,FPT,83.0,410000,34030000.0,410000,34030000.0,HOSE
2026-03-17,09:39:59,FPT,83.0,405000,33615000.0,815000,67645000.0,HOSE
2026-03-17,09:40:44,FPT,83.0,409395,33979785.0,1224395,101624785.0,HOSE
2026-03-17,09:42:15,PPC,9.86,1,9.86,2,19.72,HOSE
2026-03-17,09:42:24,STB,63.0,225000,14175000.0,1863000,115731000.0,HOSE
2026-03-17,09:42:53,AAA,6.75,1,6.75,4,27.0,HOSE
2026-03-17,09:42:59,STB,63.0,221000,13923000.0,2084000,129654000.0,HOSE
2026-03-17,09:43:57,TPB,14.9,297000,4425300.0,297002,4425329.8,HOSE
2026-03-17,09:44:14,SSB,16.6,4100000,68060000.0,4100000,68060000.0,HOSE
2026-03-17,09:44:17,SCR,5.45,1,5.45,1,5.45,HOSE
2026-03-17,09:46:09,SCR,5.45,1,5.45,2,10.9,HOSE
2026-03-17,09:46:38,TPB,14.9,23000,342700.0,320002,4768029.8,HOSE
2026-03-17,09:47:31,SSB,16.6,4100000,68060000.0,8200000,136120000.0,HOSE
2026-03-17,09:47:54,VTP,95.2,145000,13804000.0,145000,13804000.0,HOSE
2026-03-17,09:47:56,SHB,15.0,2000000,30000000.0,2000000,30000000.0,HOSE
2026-03-17,09:47:59,VTP,95.2,150000,14280000.0,295000,28084000.0,HOSE
2026-03-17,09:49:25,SCR,5.45,1,5.45,3,16.35,HOSE
2026-03-17,09:49:56,SSB,16.6,4000000,66400000.00000001,12200000,202520000.0,HOSE
2026-03-17,09:50:18,SCR,5.45,1,5.45,4,21.8,HOSE
2026-03-17,09:51:36,SSB,16.6,4000000,66400000.00000001,16200000,268920000.0,HOSE
2026-03-17,09:51:51,KOS,38.0,400000,15200000.0,400000,15200000.0,HOSE
2026-03-17,09:54:01,BWE,39.5,270000,10665000.0,270000,10665000.0,HOSE
2026-03-17,09:55:30,PPC,9.86,1,9.86,3,29.58,HOSE
2026-03-17,09:55:50,SCR,5.45,1,5.45,5,27.25,HOSE
2026-03-17,09:57:13,STB,64.0,406000,25984000.0,2490000,155638000.0,HOSE
2026-03-17,09:57:40,FPT,83.0,290000,24070000.0,1514395,125694785.0,HOSE
2026-03-17,09:57:53,FPT,83.0,276700,22966100.0,1791095,148660885.0,HOSE
2026-03-17,09:57:57,AAA,6.75,1,6.75,5,33.75,HOSE
2026-03-17,10:02:47,LSS,7.92,1,7.92,3,23.76,HOSE
2026-03-17,10:06:09,FPT,72.8,50000,3640000.0,1841095,152300885.0,HOSE
2026-03-17,10:07:35,PPC,9.86,1,9.86,4,39.44,HOSE
2026-03-17,10:08:28,AAA,6.75,1,6.75,6,40.5,HOSE
2026-03-17,10:08:34,BWE,39.5,800000,31600000.0,1070000,42265000.0,HOSE
2026-03-17,10:13:35,EVF,14.0,540000,7560000.0,540000,7560000.0,HOSE
2026-03-17,10:14:55,EVF,14.0,540000,7560000.0,1080000,15120000.0,HOSE
2026-03-17,10:15:28,EVF,14.0,540000,7560000.0,1620000,22680000.0,HOSE
2026-03-17,10:16:04,EVF,14.0,540000,7560000.0,2160000,30240000.0,HOSE
2026-03-17,10:16:18,DBD,51.5,37000,1905500.0,37000,1905500.0,HOSE
2026-03-17,10:16:35,EVF,14.0,540000,7560000.0,2700000,37800000.0,HOSE
2026-03-17,10:17:02,EVF,14.0,540000,7560000.0,3240000,45360000.0,HOSE
2026-03-17,10:17:11,SCR,5.45,1,5.45,6,32.7,HOSE
2026-03-17,10:17:30,EVF,14.0,540000,7560000.0,3780000,52920000.0,HOSE
2026-03-17,10:17:55,EVF,14.0,540000,7560000.0,4320000,60480000.0,HOSE
2026-03-17,10:24:38,BWE,39.5,100000,3950000.0,1170000,46215000.0,HOSE
2026-03-17,10:25:52,TPB,17.0,149000,2533000.0,469002,7301029.8,HOSE
2026-03-17,10:31:07,AAA,6.75,1,6.75,7,47.25,HOSE
2026-03-17,10:31:44,KDC,50.8,300000,15240000.0,600000,30480000.0,HOSE
2026-03-17,10:32:25,SCR,5.45,1,5.45,7,38.15,HOSE
2026-03-17,10:33:42,LSS,7.92,1,7.92,4,31.68,HOSE
2026-03-17,10:35:10,HDB,25.6,515000,13184000.0,795000,20324000.0,HOSE
2026-03-17,10:35:24,SCR,5.45,1,5.45,8,43.6,HOSE
2026-03-17,10:38:50,SCR,5.45,1,5.45,9,49.05,HOSE
2026-03-17,10:38:55,PPC,9.86,1,9.86,5,49.3,HOSE
2026-03-17,10:39:51,VSI,27.0,563620,15217740.0,563620,15217740.0,HOSE
2026-03-17,10:40:37,VSI,27.0,620032,16740864.0,1183652,31958604.0,HOSE
2026-03-17,10:41:32,VSI,27.0,604190,16313130.0,1787842,48271734.0,HOSE
2026-03-17,10:41:46,SHB,15.0,293000,4395000.0,2293000,34395000.0,HOSE
2026-03-17,10:42:13,SHB,15.0,1694000,25410000.0,3987000,59805000.0,HOSE
2026-03-17,10:43:50,LSS,7.92,1,7.92,5,39.6,HOSE
2026-03-17,10:43:56,VSI,27.0,612100,16526700.0,2399942,64798434.0,HOSE
2026-03-17,10:44:16,SCR,5.45,1,5.45,10,54.5,HOSE
2026-03-17,10:48:15,ACC,11.65,140000,1631000.0,200000,2330000.0,HOSE
2026-03-17,10:49:16,SHI,14.5,483000,7003500.0,483000,7003500.0,HOSE
2026-03-17,10:49:29,VCI,36.95,3,110.85,3,110.85,HOSE
2026-03-17,10:49:56,DCM,44.55,2,89.1,2,89.1,HOSE
2026-03-17,10:50:22,TCB,30.2,2,60.4,2300002,74290060.4,HOSE
2026-03-17,10:51:15,HPG,26.75,1,26.75,1,26.75,HOSE
2026-03-17,10:52:38,VCI,36.95,2,73.9,5,184.75,HOSE
2026-03-17,10:53:09,TCB,30.2,1,30.2,2300003,74290090.6,HOSE
2026-03-17,10:53:30,DCM,44.55,1,44.55,3,133.64999999999998,HOSE
2026-03-17,10:54:15,NLG,28.0,2,56.0,2,56.0,HOSE
2026-03-17,10:54:47,VCI,36.95,1,36.95,6,221.7,HOSE
2026-03-17,10:55:22,NLG,28.0,2,56.0,4,112.0,HOSE
2026-03-17,10:55:24,VDS,16.0,4700000,75200000.0,4700000,75200000.0,HOSE
2026-03-17,10:57:24,VAB,10.0,1450000,14500000.0,1450000,14500000.0,HOSE
2026-03-17,10:58:28,VCI,36.95,1,36.95,7,258.65000000000003,HOSE
2026-03-17,10:59:00,VCI,36.95,1,36.95,8,295.6,HOSE
2026-03-17,10:59:07,SCR,5.45,1,5.45,11,59.95,HOSE
2026-03-17,10:59:30,TCB,30.2,2,60.4,2300005,74290151.0,HOSE
2026-03-17,10:59:55,TCB,30.2,1,30.2,2300006,74290181.2,HOSE
2026-03-17,11:00:19,VCI,36.95,2,73.9,10,369.5,HOSE
2026-03-17,11:00:43,NLG,28.0,2,56.0,6,168.0,HOSE
2026-03-17,11:01:14,TCB,30.2,1,30.2,2300007,74290211.4,HOSE
2026-03-17,11:01:34,SCR,5.45,1,5.45,12,65.4,HOSE
2026-03-17,11:01:37,NLG,28.0,1,28.0,7,196.0,HOSE
2026-03-17,11:02:04,NLG,28.0,1,28.0,8,224.0,HOSE
2026-03-17,11:02:30,TCB,30.2,1,30.2,2300008,74290241.6,HOSE
2026-03-17,11:03:56,LSS,7.92,1,7.92,6,47.52,HOSE
2026-03-17,11:04:12,SCR,5.45,1,5.45,13,70.85000000000001,HOSE
2026-03-17,11:05:29,SMC,10.25,1500000,15375000.0,3000000,30750000.0,HOSE
2026-03-17,11:05:35,VAB,10.0,1450000,14500000.0,2900000,29000000.0,HOSE
2026-03-17,11:05:46,NLG,28.0,1,28.0,9,252.0,HOSE
2026-03-17,11:06:16,HPG,26.75,2,53.5,3,80.25,HOSE
2026-03-17,11:06:44,TCB,30.2,2,60.4,2300010,74290302.0,HOSE
2026-03-17,11:06:52,LSS,7.92,1,7.92,7,55.44,HOSE
2026-03-17,11:06:53,VAB,10.0,1200000,12000000.0,4100000,41000000.0,HOSE
2026-03-17,11:07:06,HDB,25.6,20000,512000.0,815000,20836000.0,HOSE
2026-03-17,11:07:11,VCI,36.95,2,73.9,12,443.4,HOSE
2026-03-17,11:07:41,VCI,36.95,1,36.95,13,480.35,HOSE
2026-03-17,11:08:44,NLG,28.0,1,28.0,10,280.0,HOSE
2026-03-17,11:08:50,VAB,10.0,1200000,12000000.0,5300000,53000000.0,HOSE
2026-03-17,11:09:11,VCI,36.95,2,73.9,15,554.25,HOSE
2026-03-17,11:09:53,TCB,30.2,1,30.2,2300011,74290332.2,HOSE
2026-03-17,11:10:16,TCB,30.2,2,60.4,2300013,74290392.6,HOSE
2026-03-17,11:15:07,HDB,25.5,600000,15300000.0,1415000,36136000.0,HOSE
2026-03-17,11:15:25,HDB,25.6,1200000,30720000.0,2615000,66856000.0,HOSE
2026-03-17,11:15:36,PPC,9.86,1,9.86,6,59.16,HOSE
2026-03-17,11:16:17,SCR,5.45,1,5.45,14,76.3,HOSE
2026-03-17,11:18:27,AAA,6.75,1,6.75,8,54.0,HOSE
2026-03-17,11:19:07,VNM,61.9,99000,6128100.0,99000,6128100.0,HOSE
2026-03-17,11:19:25,TDM,60.7,30000,1821000.0,30000,1821000.0,HOSE
2026-03-17,11:20:16,MBB,26.1,50000,1305000.0,1051300,28340100.0,HOSE
2026-03-17,11:20:18,TCB,30.2,1,30.2,2300014,74290422.8,HOSE
2026-03-17,11:20:58,NLG,28.0,1,28.0,11,308.0,HOSE
2026-03-17,11:21:22,DCM,44.55,2,89.1,5,222.75,HOSE
2026-03-17,11:21:44,NLG,28.0,1,28.0,12,336.0,HOSE
2026-03-17,11:21:50,ACB,23.45,725000,17001250.0,725000,17001250.0,HOSE
2026-03-17,11:22:06,NLG,28.0,2,56.0,14,392.0,HOSE
2026-03-17,11:22:16,HPG,26.75,240000,6420000.0,240003,6420080.25,HOSE
2026-03-17,11:22:32,TCB,30.2,1,30.2,2300015,74290453.0,HOSE
2026-03-17,11:22:42,MBB,26.1,490000,12789000.0,1541300,41129100.0,HOSE
2026-03-17,11:22:55,VCI,36.95,1,36.95,16,591.2,HOSE
2026-03-17,11:23:03,SCR,5.45,1,5.45,15,81.75,HOSE
2026-03-17,11:23:19,HPG,26.75,2,53.5,240005,6420133.75,HOSE
2026-03-17,11:23:46,VCI,36.95,1,36.95,17,628.1500000000001,HOSE
2026-03-17,11:23:47,PPC,9.86,1,9.86,7,69.02,HOSE
2026-03-17,11:24:10,TCB,30.2,1,30.2,2300016,74290483.2,HOSE
2026-03-17,11:26:19,LSS,7.92,1,7.92,8,63.36,HOSE
2026-03-17,11:29:47,SMC,10.25,1000000,10250000.0,4000000,41000000.0,HOSE
2026-03-17,13:00:42,SCR,5.45,1,5.45,16,87.2,HOSE
2026-03-17,13:00:42,SCR,5.45,1,5.45,17,92.65,HOSE
2026-03-17,13:00:42,SCR,5.45,1,5.45,18,98.1,HOSE
2026-03-17,13:00:42,AAA,6.75,1,6.75,9,60.75,HOSE
2026-03-17,13:00:42,AAA,6.75,1,6.75,10,67.5,HOSE
2026-03-17,13:00:42,SCR,5.45,1,5.45,19,103.55,HOSE
2026-03-17,13:00:42,LSS,7.92,1,7.92,9,71.28,HOSE
2026-03-17,13:00:42,PPC,9.86,1,9.86,8,78.88,HOSE
2026-03-17,13:00:42,LSS,7.92,1,7.92,10,79.2,HOSE
2026-03-17,13:00:42,SCR,5.45,1,5.45,20,109.0,HOSE
2026-03-17,13:00:42,SCR,5.45,1,5.45,21,114.45,HOSE
2026-03-17,13:00:42,SCR,5.45,1,5.45,22,119.9,HOSE
2026-03-17,13:00:42,PPC,9.86,1,9.86,9,88.74,HOSE
2026-03-17,13:00:42,SCR,5.45,1,5.45,23,125.35,HOSE
2026-03-17,13:00:42,SCR,5.45,1,5.45,24,130.8,HOSE
2026-03-17,13:00:44,KDC,50.8,440000,22352000.0,1040000,52832000.0,HOSE
2026-03-17,13:02:28,MBB,27.405,352000,9646560.0,1893300,50775660.0,HOSE
2026-03-17,13:02:43,AAA,6.75,1,6.75,11,74.25,HOSE
2026-03-17,13:05:43,SAB,45.05,22000,991100.0,22000,991100.0,HOSE
2026-03-17,13:07:06,SAB,47.6,20000,952000.0,42000,1943100.0,HOSE
2026-03-17,13:10:02,SHB,15.0,1495000,22425000.0,5482000,82230000.0,HOSE
2026-03-17,13:10:04,VCB,60.4,26000,1570400.0,26000,1570400.0,HOSE
2026-03-17,13:10:28,SCR,5.45,1,5.45,25,136.25,HOSE
2026-03-17,13:10:39,VPB,27.25,925000,25206250.0,925000,25206250.0,HOSE
2026-03-17,13:10:46,VIX,17.0,2779800,47256600.0,2849800,48432600.0,HOSE
2026-03-17,13:10:55,VPB,27.25,915000,24933750.0,1840000,50140000.0,HOSE
2026-03-17,13:11:02,SHB,15.0,1849000,27735000.0,7331000,109965000.0,HOSE
2026-03-17,13:11:13,VPB,27.25,910000,24797500.0,2750000,74937500.0,HOSE
2026-03-17,13:11:55,SHB,15.0,2617000,39255000.0,9948000,149220000.0,HOSE
2026-03-17,13:12:12,ACC,11.65,45000,524250.0,245000,2854250.0,HOSE
2026-03-17,13:14:39,MWG,84.092,70000,5886440.0,70000,5886440.0,HOSE
2026-03-17,13:14:43,SAB,43.0,27000,1161000.0,69000,3104100.0,HOSE
2026-03-17,13:15:56,SHB,14.15,200000,2830000.0,10148000,152050000.0,HOSE
2026-03-17,13:17:28,SAB,45.0,21000,945000.0,90000,4049100.0,HOSE
2026-03-17,13:19:07,TCB,30.2,3,90.6,2300019,74290573.8,HOSE
2026-03-17,13:19:32,TCB,30.2,1,30.2,2300020,74290604.0,HOSE
2026-03-17,13:19:53,NLG,28.0,2,56.0,16,448.0,HOSE
2026-03-17,13:20:19,HPG,26.75,1,26.75,240006,6420160.5,HOSE
2026-03-17,13:20:41,HPG,26.75,2,53.5,240008,6420214.0,HOSE
2026-03-17,13:21:05,DCM,44.55,2,89.1,7,311.85,HOSE
2026-03-17,13:21:26,NLG,28.0,1,28.0,17,476.0,HOSE
2026-03-17,13:21:48,VCB,60.2,21000,1264200.0,47000,2834600.0,HOSE
2026-03-17,13:21:49,VCI,36.95,1,36.95,18,665.1,HOSE
2026-03-17,13:22:15,NLG,28.0,2,56.0,19,532.0,HOSE
2026-03-17,13:22:40,TCB,30.2,2,60.4,2300022,74290664.4,HOSE
2026-03-17,13:25:51,MBB,27.405,1191900,32664019.5,3085200,83439679.5,HOSE
2026-03-17,13:27:07,HDB,25.6,590000,15104000.0,3205000,81960000.0,HOSE
2026-03-17,13:27:32,AAA,6.75,1,6.75,12,81.0,HOSE
2026-03-17,13:27:48,MBB,27.405,348000,9536940.0,3433200,92976619.5,HOSE
2026-03-17,13:28:17,TCB,30.2,2,60.4,2300024,74290724.8,HOSE
2026-03-17,13:28:42,DCM,44.55,2,89.1,9,400.95,HOSE
2026-03-17,13:29:03,HCM,21.75,2470000,53722500.0,2470000,53722500.0,HOSE
2026-03-17,13:29:06,HAG,15.3,450000,6885000.0,450000,6885000.0,HOSE
2026-03-17,13:29:07,NLG,28.0,7,196.0,26,728.0,HOSE
2026-03-17,13:29:13,MBB,27.405,120000,3288600.0,3553200,96265219.5,HOSE
2026-03-17,13:29:31,DCM,44.55,2,89.1,11,490.05,HOSE
2026-03-17,13:30:07,TPB,14.9,1,14.9,469003,7301044.7,HOSE
2026-03-17,13:30:56,NLG,28.0,2,56.0,28,784.0,HOSE
2026-03-17,13:31:21,DCM,44.55,1,44.55,12,534.5999999999999,HOSE
2026-03-17,13:31:47,TCB,30.2,1,30.2,2300025,74290755.0,HOSE
2026-03-17,13:32:10,VCI,36.95,2,73.9,20,739.0,HOSE
2026-03-17,13:32:13,PVD,39.8,1138000,45292400.0,1138000,45292400.0,HOSE
2026-03-17,13:32:32,DCM,44.55,2,89.1,14,623.6999999999999,HOSE
2026-03-17,13:32:56,HPG,26.75,1,26.75,240009,6420240.75,HOSE
2026-03-17,13:34:57,PPC,9.86,1,9.86,10,98.6,HOSE
2026-03-17,13:35:08,VSC,23.55,25000,588750.0,25000,588750.0,HOSE
2026-03-17,13:35:19,PPC,9.86,1,9.86,11,108.46,HOSE
2026-03-17,13:35:30,VAB,10.0,1600000,16000000.0,6900000,69000000.0,HOSE
2026-03-17,13:36:18,VAB,10.0,1600000,16000000.0,8500000,85000000.0,HOSE
2026-03-17,13:37:34,POW,14.0,2825000,39550000.0,2825000,39550000.0,HOSE
2026-03-17,13:37:59,NLG,28.0,1,28.0,29,812.0,HOSE
2026-03-17,13:38:06,NLG,28.0,2,56.0,31,868.0,HOSE
2026-03-17,13:38:11,VAB,10.0,1500000,15000000.0,10000000,100000000.0,HOSE
2026-03-17,13:38:23,TCB,30.2,1,30.2,2300026,74290785.2,HOSE
2026-03-17,13:38:46,TCB,30.2,1,30.2,2300027,74290815.4,HOSE
2026-03-17,13:38:55,TCB,30.2,2,60.4,2300029,74290875.8,HOSE
2026-03-17,13:39:12,VCI,36.95,1,36.95,21,775.95,HOSE
2026-03-17,13:39:40,VCI,36.95,2,73.9,23,849.85,HOSE
2026-03-17,13:41:42,VAB,10.0,1500000,15000000.0,11500000,115000000.0,HOSE
2026-03-17,13:41:46,HPG,26.75,2,53.5,240011,6420294.25,HOSE
2026-03-17,13:42:00,NLG,28.0,2,56.0,33,924.0,HOSE
2026-03-17,13:42:30,CII,18.1,400000,7240000.000000001,400000,7240000.000000001,HOSE
2026-03-17,13:42:48,CII,18.1,455000,8235500.000000001,855000,15475500.000000002,HOSE
2026-03-17,13:42:50,VCI,36.95,2,73.9,25,923.75,HOSE
2026-03-17,13:42:54,HDB,25.6,2195000,56192000.0,5400000,138152000.0,HOSE
2026-03-17,13:43:06,CII,18.1,415000,7511500.000000001,1270000,22987000.000000004,HOSE
2026-03-17,13:43:15,VAB,10.0,1440000,14400000.0,12940000,129400000.0,HOSE
2026-03-17,13:43:21,CII,18.1,570000,10317000.0,1840000,33304000.000000004,HOSE
2026-03-17,13:43:40,BSR,30.5,200000,6100000.0,200000,6100000.0,HOSE
2026-03-17,13:43:40,BSR,30.5,200000,6100000.0,400000,12200000.0,HOSE
2026-03-17,13:43:51,CII,18.1,380000,6878000.000000001,2220000,40182000.00000001,HOSE
2026-03-17,13:44:39,VAB,10.0,1440000,14400000.0,14380000,143800000.0,HOSE
2026-03-17,13:45:11,TCB,30.2,1,30.2,2300030,74290906.0,HOSE
2026-03-17,13:45:15,NLG,28.0,1,28.0,34,952.0,HOSE
2026-03-17,13:45:40,NLG,28.0,1,28.0,35,980.0,HOSE
2026-03-17,13:46:00,VCI,36.95,1,36.95,26,960.7,HOSE
2026-03-17,13:46:11,HPG,26.75,2,53.5,240013,6420347.75,HOSE
2026-03-17,13:46:35,TCB,30.2,2,60.4,2300032,74290966.4,HOSE
2026-03-17,13:46:54,NLG,28.0,2,56.0,37,1036.0,HOSE
2026-03-17,13:46:57,MWG,84.22,265000,22318300.0,335000,28204740.0,HOSE
2026-03-17,13:46:59,DCM,44.55,2,89.1,16,712.8,HOSE
2026-03-17,13:47:19,MWG,84.22,174000,14654280.0,509000,42859020.0,HOSE
2026-03-17,13:47:21,AAA,6.75,1,6.75,13,87.75,HOSE
2026-03-17,13:47:32,HPG,26.75,2,53.5,240015,6420401.25,HOSE
2026-03-17,13:47:36,MWG,84.609,328000,27751752.0,837000,70610772.0,HOSE
2026-03-17,13:47:54,MWG,84.609,262000,22167558.0,1099000,92778330.0,HOSE
2026-03-17,13:48:07,HPG,26.75,1,26.75,240016,6420428.0,HOSE
2026-03-17,13:49:53,NLG,28.0,1,28.0,38,1064.0,HOSE
2026-03-17,13:50:38,DCM,44.55,1,44.55,17,757.3499999999999,HOSE
2026-03-17,13:51:05,DCM,44.55,2,89.1,19,846.4499999999999,HOSE
2026-03-17,13:51:32,DCM,44.55,1,44.55,20,891.0,HOSE
2026-03-17,13:51:59,DCM,44.55,1,44.55,21,935.55,HOSE
2026-03-17,13:52:12,TCB,30.0,1150000,34500000.0,3450032,108790966.4,HOSE
2026-03-17,13:52:31,HPG,26.75,1,26.75,240017,6420454.75,HOSE
2026-03-17,13:52:36,TCB,30.0,1050000,31500000.0,4500032,140290966.4,HOSE
2026-03-17,13:52:52,TCB,30.0,1000000,30000000.0,5500032,170290966.4,HOSE
2026-03-17,13:53:00,NLG,28.0,2,56.0,40,1120.0,HOSE
2026-03-17,13:53:11,NLG,28.0,1,28.0,41,1148.0,HOSE
2026-03-17,13:53:27,NLG,28.0,2,56.0,43,1204.0,HOSE
2026-03-17,13:53:53,HPG,26.75,1,26.75,240018,6420481.5,HOSE
2026-03-17,13:54:22,POW,14.0,3000000,42000000.0,5825000,81550000.0,HOSE
2026-03-17,13:54:37,POW,13.0,900000,11700000.0,6725000,93250000.0,HOSE
2026-03-17,13:54:49,SHB,15.0,1000000,15000000.0,11148000,167050000.0,HOSE
2026-03-17,13:54:59,SHI,14.0,4000000,56000000.0,4483000,63003500.0,HOSE
2026-03-17,13:55:16,LSS,7.92,1,7.92,11,87.12,HOSE
2026-03-17,13:56:23,POW,14.0,4000000,56000000.0,10725000,149250000.0,HOSE
2026-03-17,13:56:34,DCM,44.55,1,44.55,22,980.1,HOSE
2026-03-17,13:56:37,NLG,28.0,1,28.0,44,1232.0,HOSE
2026-03-17,13:56:39,HCM,22.99,25000,574750.0,2495000,54297250.0,HOSE
2026-03-17,13:56:51,HCM,23.0,275000,6325000.0,2770000,60622250.0,HOSE
2026-03-17,13:57:02,BID,42.0,200000,8400000.0,200000,8400000.0,HOSE
2026-03-17,13:57:02,NLG,28.0,1,28.0,45,1260.0,HOSE
2026-03-17,13:57:17,DCM,44.55,2,89.1,24,1069.1999999999998,HOSE
2026-03-17,13:57:29,VCI,36.95,2,73.9,28,1034.6,HOSE
2026-03-17,13:57:54,NLG,28.0,2,56.0,47,1316.0,HOSE
2026-03-17,13:57:56,VCI,36.95,2,73.9,30,1108.5,HOSE
2026-03-17,13:58:00,SCR,5.45,1,5.45,26,141.70000000000002,HOSE
2026-03-17,13:58:04,MWG,84.22,161000,13559420.0,1260000,106337750.0,HOSE
2026-03-17,13:58:23,VCI,36.95,1,36.95,31,1145.45,HOSE
2026-03-17,13:58:30,HPG,26.75,2,53.5,240020,6420535.0,HOSE
2026-03-17,13:59:06,DCM,44.55,1,44.55,25,1113.75,HOSE
2026-03-17,14:00:57,SCR,5.45,1,5.45,27,147.15,HOSE
2026-03-17,14:02:56,PVD,35.0,875000,30625000.0,2013000,75917400.0,HOSE
2026-03-17,14:03:10,TCB,30.2,1,30.2,5500033,170290996.6,HOSE
2026-03-17,14:03:35,NLG,28.0,1,28.0,48,1344.0,HOSE
2026-03-17,14:03:48,VCI,36.95,2,73.9,33,1219.35,HOSE
2026-03-17,14:03:59,PPC,9.86,1,9.86,12,118.32,HOSE
2026-03-17,14:04:04,VIX,17.0,875000,14875000.0,3724800,63307600.0,HOSE
2026-03-17,14:04:11,DCM,44.55,1,44.55,26,1158.3,HOSE
2026-03-17,14:04:18,TCB,30.2,1,30.2,5500034,170291026.8,HOSE
2026-03-17,14:04:43,DCM,44.55,2,89.1,28,1247.4,HOSE
2026-03-17,14:05:05,DCM,44.55,2,89.1,30,1336.5,HOSE
2026-03-17,14:05:42,POW,14.0,4275000,59850000.0,15000000,209100000.0,HOSE
2026-03-17,14:05:56,POW,14.0,3000000,42000000.0,18000000,251100000.0,HOSE
2026-03-17,14:06:04,HDC,18.0,600000,10800000.0,600000,10800000.0,HOSE
2026-03-17,14:06:29,NLG,28.0,1,28.0,49,1372.0,HOSE
2026-03-17,14:06:36,VCI,36.95,2,73.9,35,1293.25,HOSE
2026-03-17,14:07:08,TCB,30.2,3,90.6,5500037,170291117.4,HOSE
2026-03-17,14:08:06,EVF,15.0,500000,7500000.0,4820000,67980000.0,HOSE
2026-03-17,14:08:43,VAB,10.0,1540000,15400000.0,15920000,159200000.0,HOSE
2026-03-17,14:09:21,HPG,26.75,7,187.25,240027,6420722.25,HOSE
2026-03-17,14:09:25,NLG,28.0,2,56.0,51,1428.0,HOSE
2026-03-17,14:09:46,DCM,44.55,2,89.1,32,1425.6,HOSE
2026-03-17,14:09:57,HPG,26.75,2,53.5,240029,6420775.75,HOSE
2026-03-17,14:09:58,VAB,10.0,1540000,15400000.0,17460000,174600000.0,HOSE
2026-03-17,14:10:03,EVF,15.0,150000,2250000.0,4970000,70230000.0,HOSE
2026-03-17,14:10:06,NLG,28.0,1,28.0,52,1456.0,HOSE
2026-03-17,14:10:08,PPC,9.86,1,9.86,13,128.18,HOSE
2026-03-17,14:10:33,NLG,28.0,1,28.0,53,1484.0,HOSE
2026-03-17,14:10:38,HPG,26.75,2,53.5,240031,6420829.25,HOSE
2026-03-17,14:10:57,NLG,28.0,2,56.0,55,1540.0,HOSE
2026-03-17,14:11:12,GEL,34.0,20000,680000.0,20000,680000.0,HOSE
2026-03-17,14:11:18,DCM,44.55,1,44.55,33,1470.15,HOSE
2026-03-17,14:11:21,VAB,10.0,1790000,17900000.0,19250000,192500000.0,HOSE
2026-03-17,14:11:22,HPG,26.75,1,26.75,240032,6420856.0,HOSE
2026-03-17,14:12:00,VCI,36.95,1,36.95,36,1330.2,HOSE
2026-03-17,14:12:09,VAB,10.0,1790000,17900000.0,21040000,210400000.0,HOSE
2026-03-17,14:12:11,TCB,30.2,2,60.4,5500039,170291177.8,HOSE
2026-03-17,14:12:33,TCB,30.2,1,30.2,5500040,170291208.0,HOSE
2026-03-17,14:12:37,TCB,30.2,2,60.4,5500042,170291268.4,HOSE
2026-03-17,14:12:58,NLG,28.0,1,28.0,56,1568.0,HOSE
2026-03-17,14:13:00,TPB,17.0,33000,561000.0,502003,7862044.7,HOSE
2026-03-17,14:13:15,DCM,44.55,1,44.55,34,1514.6999999999998,HOSE
2026-03-17,14:13:19,AAA,6.75,1,6.75,14,94.5,HOSE
2026-03-17,14:13:20,VCI,36.95,1,36.95,37,1367.15,HOSE
2026-03-17,14:13:48,NLG,28.0,2,56.0,58,1624.0,HOSE
2026-03-17,14:13:49,TCB,30.2,2,60.4,5500044,170291328.8,HOSE
2026-03-17,14:14:01,SBT,22.3,750000,16725000.0,750000,16725000.0,HOSE
2026-03-17,14:14:16,VCI,36.95,2,73.9,39,1441.0500000000002,HOSE
2026-03-17,14:14:44,GEE,135.0,211600,28566000.0,211600,28566000.0,HOSE
2026-03-17,14:15:04,GEE,135.0,264800,35748000.0,476400,64314000.0,HOSE
2026-03-17,14:15:19,GEE,135.0,101800,13743000.0,578200,78057000.0,HOSE
2026-03-17,14:15:37,GEE,135.0,283100,38218500.0,861300,116275500.0,HOSE
2026-03-17,14:15:59,GEE,135.0,167100,22558500.0,1028400,138834000.0,HOSE
2026-03-17,14:16:16,GEE,135.0,1000000,135000000.0,2028400,273834000.0,HOSE
2026-03-17,14:16:39,GEE,135.0,468800,63288000.0,2497200,337122000.0,HOSE
2026-03-17,14:16:57,GEE,135.0,645100,87088500.0,3142300,424210500.0,HOSE
2026-03-17,14:17:05,LSS,7.92,1,7.92,12,95.04,HOSE
2026-03-17,14:17:11,GEE,135.0,819300,110605500.0,3961600,534816000.0,HOSE
2026-03-17,14:17:29,GEE,135.0,1038400,140184000.0,5000000,675000000.0,HOSE
2026-03-17,14:18:15,SCR,5.45,1,5.45,28,152.6,HOSE
2026-03-17,14:19:34,TCB,30.2,1,30.2,5500045,170291359.0,HOSE
2026-03-17,14:19:38,TCB,30.2,1,30.2,5500046,170291389.2,HOSE
2026-03-17,14:19:56,DCM,44.55,1,44.55,35,1559.25,HOSE
2026-03-17,14:20:13,VCI,36.95,1,36.95,40,1478.0,HOSE
2026-03-17,14:20:24,HPG,26.75,1,26.75,240033,6420882.75,HOSE
2026-03-17,14:20:44,HPG,26.75,2,53.5,240035,6420936.25,HOSE
2026-03-17,14:20:48,HPG,26.75,1,26.75,240036,6420963.0,HOSE
2026-03-17,14:20:59,AAA,6.75,1,6.75,15,101.25,HOSE
2026-03-17,14:21:11,TCB,30.2,1,30.2,5500047,170291419.4,HOSE
2026-03-17,14:21:16,HPG,26.75,2,53.5,240038,6421016.5,HOSE
2026-03-17,14:21:35,HPG,26.75,1,26.75,240039,6421043.25,HOSE
2026-03-17,14:21:50,NLG,28.0,1,28.0,59,1652.0,HOSE
2026-03-17,14:21:58,NLG,28.0,2,56.0,61,1708.0,HOSE
2026-03-17,14:22:20,HPG,26.75,2,53.5,240041,6421096.75,HOSE
2026-03-17,14:22:20,DCM,44.55,1,44.55,36,1603.8,HOSE
2026-03-17,14:22:41,TCB,30.2,2,60.4,5500049,170291479.8,HOSE
2026-03-17,14:22:54,TCB,30.2,1,30.2,5500050,170291510.0,HOSE
2026-03-17,14:23:22,DCM,44.55,1,44.55,37,1648.35,HOSE
2026-03-17,14:23:54,HPG,26.75,1,26.75,240042,6421123.5,HOSE
2026-03-17,14:30:07,TCB,28.1,1,28.1,5500051,170291538.1,HOSE
2026-03-17,14:31:53,HHS,11.0,50000,550000.0,50000,550000.0,HOSE
2026-03-17,14:32:34,HHS,11.0,950000,10450000.0,1000000,11000000.0,HOSE
2026-03-17,14:34:03,SHB,14.15,5818308,82329058.2,16966308,249379058.2,HOSE
2026-03-17,14:34:11,VIX,17.0,300000,5100000.0,4024800,68407600.0,HOSE
2026-03-17,14:36:59,VIX,17.0,813300,13826100.0,4838100,82233700.0,HOSE
2026-03-17,14:43:28,SMC,10.25,1500000,15375000.0,5500000,56375000.0,HOSE
2026-03-17,14:46:58,VIC,144.7,5735862,829979231.4,5735862,829979231.4,HOSE
2026-03-17,14:47:33,MBB,26.54,350000,9289000.0,3903200,105554219.5,HOSE
2026-03-17,14:47:45,MBB,26.54,500000,13270000.0,4403200,118824219.5,HOSE
2026-03-17,14:48:23,PNJ,117.548,31100,3655742.8,31100,3655742.8,HOSE
2026-03-17,14:48:25,VPX,32.199,443600,14283476.4,443600,14283476.4,HOSE
2026-03-17,14:48:26,VPX,32.199,56400,1816023.6,500000,16099499.999999998,HOSE
2026-03-17,14:49:02,PNJ,117.548,183000,21511284.0,214100,25167026.8,HOSE
2026-03-17,14:49:11,VNE,4.44,400000,1776000.0000000002,400000,1776000.0000000002,HOSE
2026-03-17,14:50:04,ACB,23.728,99000,2349072.0,824000,19350322.0,HOSE
2026-03-17,14:50:06,ACB,23.728,99000,2349072.0,923000,21699394.0,HOSE
2026-03-17,14:50:22,MSN,75.4,889000,67030600.00000001,889000,67030600.00000001,HOSE
2026-03-17,14:50:29,VIX,17.0,186700,3173900.0,5024800,85407600.0,HOSE
2026-03-17,14:50:30,KDC,50.8,266500,13538200.0,1306500,66370200.0,HOSE
2026-03-17,14:50:44,BID,40.551,135100,5478440.100000001,335100,13878440.1,HOSE
2026-03-17,14:50:52,VIX,16.682,148680,2480279.76,5173480,87887879.76,HOSE
2026-03-17,14:51:01,VCB,59.569,210300,12527360.7,257300,15361960.7,HOSE
2026-03-17,14:51:10,VCI,36.983,263800,9756115.4,263840,9757593.4,HOSE
2026-03-17,14:51:17,HAG,15.132,358500,5424822.0,808500,12309822.0,HOSE
2026-03-17,14:51:24,TPB,16.014,402900,6452040.6,904903,14314085.3,HOSE
2026-03-17,14:51:32,HDB,25.646,473500,12143381.0,5873500,150295381.0,HOSE
2026-03-17,14:52:40,DSC,13.412,24000,321888.0,24000,321888.0,HOSE
2026-03-17,14:52:51,ELC,17.901,54200,970234.2,54200,970234.2,HOSE
2026-03-17,14:52:58,VPB,25.646,55000,1410530.0,2805000,76348030.0,HOSE
2026-03-17,14:53:05,AGG,13.212,63100,833677.2,63100,833677.2,HOSE
2026-03-17,14:53:11,YEG,10.937,70100,766683.7,70100,766683.7,HOSE
2026-03-17,14:53:17,SHB,14.857,74300,1103875.1,17040608,250482933.3,HOSE
2026-03-17,14:53:30,KDC,50.8,200000,10160000.0,1506500,76530200.0,HOSE
2026-03-17,14:54:17,LGL,5.2,250000,1300000.0,250000,1300000.0,HOSE
2026-03-17,14:54:54,SMC,10.25,1000000,10250000.0,6500000,66625000.0,HOSE
2026-03-17,14:55:47,PC1,24.45,500000,12225000.0,500000,12225000.0,HOSE
2026-03-17,14:56:17,IJC,10.159,93300,947834.7,93300,947834.7,HOSE
2026-03-18,09:16:15,AAA,6.69,1,6.69,1,6.69,HOSE
2026-03-18,09:18:05,CDC,22.4,190000,4256000.0,190000,4256000.0,HOSE
2026-03-18,09:18:15,SCR,5.45,1,5.45,1,5.45,HOSE
2026-03-18,09:18:34,LSS,7.85,1,7.85,1,7.85,HOSE
2026-03-18,09:18:41,CDC,22.4,190000,4256000.0,380000,8512000.0,HOSE
2026-03-18,09:23:55,SSB,16.8,5050000,84840000.0,5050000,84840000.0,HOSE
2026-03-18,09:26:27,SSB,16.8,5050000,84840000.0,10100000,169680000.0,HOSE
2026-03-18,09:27:35,SCR,5.45,1,5.45,2,10.9,HOSE
2026-03-18,09:27:59,VAB,10.0,1500000,15000000.0,1500000,15000000.0,HOSE
2026-03-18,09:28:43,VAB,10.0,1500000,15000000.0,3000000,30000000.0,HOSE
2026-03-18,09:29:28,VAB,10.0,1400000,14000000.0,4400000,44000000.0,HOSE
2026-03-18,09:30:16,HDB,25.7,20000,514000.0,20000,514000.0,HOSE
2026-03-18,09:30:22,VAB,10.0,1400000,14000000.0,5800000,58000000.0,HOSE
2026-03-18,09:31:00,KDC,50.6,245000,12397000.0,245000,12397000.0,HOSE
2026-03-18,09:31:02,AAA,6.69,1,6.69,2,13.38,HOSE
2026-03-18,09:35:25,STB,63.5,450000,28575000.0,450000,28575000.0,HOSE
2026-03-18,09:36:20,STB,63.5,440000,27940000.0,890000,56515000.0,HOSE
2026-03-18,09:36:54,STB,63.5,430000,27305000.0,1320000,83820000.0,HOSE
2026-03-18,09:37:32,SCR,5.45,1,5.45,3,16.35,HOSE
2026-03-18,09:39:37,SCR,5.45,1,5.45,4,21.8,HOSE
2026-03-18,09:39:42,LSS,7.85,1,7.85,2,15.7,HOSE
2026-03-18,09:40:11,AAA,6.69,1,6.69,3,20.07,HOSE
2026-03-18,09:41:02,SSB,17.0,3350000,56950000.0,13450000,226630000.0,HOSE
2026-03-18,09:41:38,LSS,7.85,1,7.85,3,23.549999999999997,HOSE
2026-03-18,09:42:30,SSB,17.0,3350000,56950000.0,16800000,283580000.0,HOSE
2026-03-18,09:43:34,SHB,15.0,1000000,15000000.0,1000000,15000000.0,HOSE
2026-03-18,09:44:56,CTF,18.95,300000,5685000.0,300000,5685000.0,HOSE
2026-03-18,09:45:32,SSB,17.0,3850000,65450000.0,20650000,349030000.0,HOSE
2026-03-18,09:47:06,SSB,17.0,3850000,65450000.0,24500000,414480000.0,HOSE
2026-03-18,09:50:46,SMC,10.35,1590194,16458507.899999999,1590194,16458507.899999999,HOSE
2026-03-18,09:51:41,EIB,21.4,30000,642000.0,30000,642000.0,HOSE
2026-03-18,09:53:48,FPT,76.0,370000,28120000.0,370000,28120000.0,HOSE
2026-03-18,09:53:56,FPT,76.0,359593,27329068.0,729593,55449068.0,HOSE
2026-03-18,09:55:06,STB,64.0,438000,28032000.0,1758000,111852000.0,HOSE
2026-03-18,09:55:19,STB,64.0,430000,27520000.0,2188000,139372000.0,HOSE
2026-03-18,09:57:48,LSS,7.85,1,7.85,4,31.4,HOSE
2026-03-18,09:58:04,SCR,5.45,1,5.45,5,27.25,HOSE
2026-03-18,09:58:05,SCR,5.45,1,5.45,6,32.7,HOSE
2026-03-18,09:58:28,VND,17.0,2000000,34000000.0,2000000,34000000.0,HOSE
2026-03-18,09:58:55,SHB,15.0,140000,2100000.0,1140000,17100000.0,HOSE
2026-03-18,10:01:05,SHB,15.0,500000,7500000.0,1640000,24600000.0,HOSE
2026-03-18,10:01:09,CTF,18.95,300000,5685000.0,600000,11370000.0,HOSE
2026-03-18,10:01:39,FRT,162.8,115000,18722000.0,115000,18722000.0,HOSE
2026-03-18,10:01:48,SHB,15.0,2489000,37335000.0,4129000,61935000.0,HOSE
2026-03-18,10:02:12,SHB,16.1,520000,8372000.000000001,4649000,70307000.0,HOSE
2026-03-18,10:02:56,SCR,5.45,1,5.45,7,38.15,HOSE
2026-03-18,10:03:13,AAA,6.69,1,6.69,4,26.76,HOSE
2026-03-18,10:06:12,EIB,24.6,30000,738000.0,60000,1380000.0,HOSE
2026-03-18,10:08:07,VPB,27.0,1030000,27810000.0,1030000,27810000.0,HOSE
2026-03-18,10:09:11,VPB,27.0,1020000,27540000.0,2050000,55350000.0,HOSE
2026-03-18,10:09:54,VPB,27.0,1015000,27405000.0,3065000,82755000.0,HOSE
2026-03-18,10:10:36,VPB,27.0,1009000,27243000.0,4074000,109998000.0,HOSE
2026-03-18,10:14:54,VIX,17.0,353300,6006100.0,353300,6006100.0,HOSE
2026-03-18,10:19:40,SCR,5.45,1,5.45,8,43.6,HOSE
2026-03-18,10:27:47,VDS,16.0,478000,7648000.0,478000,7648000.0,HOSE
2026-03-18,10:28:39,AAA,6.69,1,6.69,5,33.45,HOSE
2026-03-18,10:31:30,SCR,5.45,1,5.45,9,49.050000000000004,HOSE
2026-03-18,10:31:49,FPT,83.0,62000,5146000.0,791593,60595068.0,HOSE
2026-03-18,10:33:31,GEX,35.0,1032700,36144500.0,1032700,36144500.0,HOSE
2026-03-18,10:34:53,PPC,9.63,1,9.63,1,9.63,HOSE
2026-03-18,10:35:52,AAA,6.69,1,6.69,6,40.14,HOSE
2026-03-18,10:36:11,PPC,9.63,1,9.63,2,19.26,HOSE
2026-03-18,10:36:25,LSS,7.85,1,7.85,5,39.25,HOSE
2026-03-18,10:36:27,SCR,5.45,1,5.45,10,54.5,HOSE
2026-03-18,10:37:13,SCR,5.45,1,5.45,11,59.95,HOSE
2026-03-18,10:37:36,AAA,6.69,1,6.69,7,46.830000000000005,HOSE
2026-03-18,10:38:15,LSS,7.85,1,7.85,6,47.099999999999994,HOSE
2026-03-18,10:40:15,AAA,6.69,1,6.69,8,53.52,HOSE
2026-03-18,10:41:31,GEX,36.0,239600,8625600.0,1272300,44770100.0,HOSE
2026-03-18,10:41:36,GEX,36.0,100000,3600000.0,1372300,48370100.0,HOSE
2026-03-18,10:42:11,SMC,10.35,1000000,10350000.0,2590194,26808507.9,HOSE
2026-03-18,10:43:28,SCR,5.45,1,5.45,12,65.4,HOSE
2026-03-18,10:43:37,CIG,6.1,408000,2488800.0,408000,2488800.0,HOSE
2026-03-18,10:44:46,SCR,5.45,1,5.45,13,70.85000000000001,HOSE
2026-03-18,10:45:02,TPB,15.0,1,15.0,1,15.0,HOSE
2026-03-18,10:45:40,LSS,7.85,1,7.85,7,54.949999999999996,HOSE
2026-03-18,10:46:44,VND,17.55,1000000,17550000.0,3000000,51550000.0,HOSE
2026-03-18,10:47:00,KDH,26.0,2890000,75140000.0,2890000,75140000.0,HOSE
2026-03-18,10:47:04,SCR,5.45,1,5.45,14,76.3,HOSE
2026-03-18,10:47:44,VND,17.55,990000,17374500.0,3990000,68924500.0,HOSE
2026-03-18,10:48:01,PPC,9.63,1,9.63,3,28.89,HOSE
2026-03-18,10:48:10,VND,17.55,980000,17199000.0,4970000,86123500.0,HOSE
2026-03-18,10:48:56,VND,17.55,989700,17369235.0,5959700,103492735.0,HOSE
2026-03-18,10:50:40,SHB,16.0,1435000,22960000.0,6084000,93267000.0,HOSE
2026-03-18,10:51:06,SCR,5.45,1,5.45,15,81.75,HOSE
2026-03-18,10:51:26,OCB,11.6,1180000,13688000.0,1180000,13688000.0,HOSE
2026-03-18,10:55:37,GEX,35.0,1900000,66500000.0,3272300,114870100.0,HOSE
2026-03-18,10:56:24,LSS,7.85,1,7.85,8,62.8,HOSE
2026-03-18,10:56:57,OCB,11.6,1170000,13572000.0,2350000,27260000.0,HOSE
2026-03-18,10:57:28,OCB,11.6,1151921,13362283.6,3501921,40622283.6,HOSE
2026-03-18,10:58:23,AAA,6.69,1,6.69,9,60.21,HOSE
2026-03-18,11:03:16,LSS,7.85,1,7.85,9,70.64999999999999,HOSE
2026-03-18,11:03:35,HDB,25.5,650000,16575000.0,670000,17089000.0,HOSE
2026-03-18,11:04:01,PPC,9.63,1,9.63,4,38.52,HOSE
2026-03-18,11:05:01,KDH,26.0,1350000,35100000.0,4240000,110240000.0,HOSE
2026-03-18,11:06:50,STB,65.0,616000,40040000.0,2804000,179412000.0,HOSE
2026-03-18,11:06:50,TPB,16.1,500000,8050000.000000001,500001,8050015.000000001,HOSE
2026-03-18,11:08:18,FRT,162.0,188000,30456000.0,303000,49178000.0,HOSE
2026-03-18,11:08:49,FRT,162.0,192000,31104000.0,495000,80282000.0,HOSE
2026-03-18,11:09:08,FRT,162.0,195000,31590000.0,690000,111872000.0,HOSE
2026-03-18,11:09:36,AAA,6.69,1,6.69,10,66.9,HOSE
2026-03-18,11:10:50,KDH,26.0,1100000,28600000.0,5340000,138840000.0,HOSE
2026-03-18,11:11:03,KDH,26.0,1050000,27300000.0,6390000,166140000.0,HOSE
2026-03-18,11:14:33,KDH,26.0,1110000,28860000.0,7500000,195000000.0,HOSE
2026-03-18,11:16:42,AAA,6.69,1,6.69,11,73.59,HOSE
2026-03-18,11:17:57,DBD,51.4,80000,4112000.0,80000,4112000.0,HOSE
2026-03-18,11:18:49,AAA,6.69,1,6.69,12,80.28,HOSE
2026-03-18,11:21:37,PPC,9.63,1,9.63,5,48.150000000000006,HOSE
2026-03-18,11:23:41,HDB,25.7,695000,17861500.0,1365000,34950500.0,HOSE
2026-03-18,11:24:12,HDB,25.7,1130000,29041000.0,2495000,63991500.0,HOSE
2026-03-18,11:27:27,PPC,9.63,1,9.63,6,57.78,HOSE
2026-03-18,13:01:05,SCR,5.45,1,5.45,16,87.2,HOSE
2026-03-18,13:01:05,SCR,5.45,1,5.45,17,92.65,HOSE
2026-03-18,13:01:06,LSS,7.85,1,7.85,10,78.5,HOSE
2026-03-18,13:01:06,SCR,5.45,1,5.45,18,98.10000000000001,HOSE
2026-03-18,13:01:06,LSS,7.85,1,7.85,11,86.35,HOSE
2026-03-18,13:01:06,LSS,7.85,1,7.85,12,94.19999999999999,HOSE
2026-03-18,13:01:06,LSS,7.85,1,7.85,13,102.05,HOSE
2026-03-18,13:01:06,AAA,6.69,1,6.69,13,86.97,HOSE
2026-03-18,13:01:06,LSS,7.85,1,7.85,14,109.89999999999999,HOSE
2026-03-18,13:01:06,PPC,9.63,1,9.63,7,67.41000000000001,HOSE
2026-03-18,13:01:06,PPC,9.63,1,9.63,8,77.04,HOSE
2026-03-18,13:01:07,AAA,6.69,1,6.69,14,93.66000000000001,HOSE
2026-03-18,13:01:13,LSS,7.85,1,7.85,15,117.75,HOSE
2026-03-18,13:01:14,AAA,6.69,1,6.69,15,100.35000000000001,HOSE
2026-03-18,13:05:37,SCR,5.45,1,5.45,19,103.55,HOSE
2026-03-18,13:07:15,SCR,5.45,1,5.45,20,109.0,HOSE
2026-03-18,13:07:25,MBB,27.7,500000,13850000.0,500000,13850000.0,HOSE
2026-03-18,13:08:30,SCR,5.45,1,5.45,21,114.45,HOSE
2026-03-18,13:10:02,VCB,61.0,22000,1342000.0,22000,1342000.0,HOSE
2026-03-18,13:10:21,CTG,35.35,29000,1025150.0,29000,1025150.0,HOSE
2026-03-18,13:11:04,SAB,44.95,20000,899000.0,20000,899000.0,HOSE
2026-03-18,13:11:22,POW,13.3,245000,3258500.0,245000,3258500.0,HOSE
2026-03-18,13:11:59,VPI,58.6,69000,4043400.0,69000,4043400.0,HOSE
2026-03-18,13:12:37,AAA,6.69,1,6.69,16,107.04,HOSE
2026-03-18,13:12:42,TPB,17.2,837690,14408268.0,1337691,22458283.0,HOSE
2026-03-18,13:15:59,SCR,5.45,1,5.45,22,119.9,HOSE
2026-03-18,13:17:28,DGC,64.0,20000,1280000.0,20000,1280000.0,HOSE
2026-03-18,13:17:50,VCI,37.25,1,37.25,1,37.25,HOSE
2026-03-18,13:18:31,TCB,30.3,1,30.3,1,30.3,HOSE
2026-03-18,13:19:19,VCI,37.25,1,37.25,2,74.5,HOSE
2026-03-18,13:19:39,BCM,55.0,318000,17490000.0,318000,17490000.0,HOSE
2026-03-18,13:19:58,DCM,41.45,1,41.45,1,41.45,HOSE
2026-03-18,13:20:47,NLG,27.8,1,27.8,1,27.8,HOSE
2026-03-18,13:21:19,TCB,30.3,1,30.3,2,60.6,HOSE
2026-03-18,13:21:52,DCM,41.45,1,41.45,2,82.9,HOSE
2026-03-18,13:22:32,HPG,26.9,2,53.8,2,53.8,HOSE
2026-03-18,13:22:41,SAB,44.7,22000,983400.0000000001,42000,1882400.0,HOSE
2026-03-18,13:22:53,SAB,46.55,21000,977549.9999999999,63000,2859950.0,HOSE
2026-03-18,13:23:07,HPG,26.9,1,26.9,3,80.69999999999999,HOSE
2026-03-18,13:23:41,VJC,154.0,62200,9578800.0,62200,9578800.0,HOSE
2026-03-18,13:23:44,NLG,27.8,2,55.6,3,83.4,HOSE
2026-03-18,13:23:50,DGC,64.0,99,6336.0,20099,1286336.0,HOSE
2026-03-18,13:24:07,DGC,64.0,99,6336.0,20198,1292672.0,HOSE
2026-03-18,13:24:19,DGC,64.0,99,6336.0,20297,1299008.0,HOSE
2026-03-18,13:24:29,DGC,64.0,99,6336.0,20396,1305344.0,HOSE
2026-03-18,13:24:37,DGC,64.0,99,6336.0,20495,1311680.0,HOSE
2026-03-18,13:24:47,DGC,64.0,99,6336.0,20594,1318016.0,HOSE
2026-03-18,13:24:57,DGC,64.0,99,6336.0,20693,1324352.0,HOSE
2026-03-18,13:25:11,DGC,64.0,99,6336.0,20792,1330688.0,HOSE
2026-03-18,13:25:17,DGC,64.0,99,6336.0,20891,1337024.0,HOSE
2026-03-18,13:25:23,DGC,64.0,99,6336.0,20990,1343360.0,HOSE
