date,time,symbol,price,volume,value,cum_volume,cum_value,floor
2026-03-12,09:04:02,FPT,85.8,145000,12441000.0,145000,12441000.0,HOSE
2026-03-12,09:14:42,VSC,21.75,40000,870000.0,40000,870000.0,HOSE
2026-03-12,09:16:35,AAA,6.64,1,6.64,1,6.64,HOSE
2026-03-12,09:16:51,PPC,9.3,1,9.3,1,9.3,HOSE
2026-03-12,09:17:09,AAA,6.64,1,6.64,2,13.28,HOSE
2026-03-12,09:19:05,AAA,6.64,1,6.64,3,19.92,HOSE
2026-03-12,09:20:19,AAA,6.64,1,6.64,4,26.56,HOSE
2026-03-12,09:21:02,MBB,27.336,900000,24602400.0,900000,24602400.0,HOSE
2026-03-12,09:21:02,MBB,27.336,134800,3684892.8,1034800,28287292.8,HOSE
2026-03-12,09:21:56,SAB,45.2,35000,1582000.0,35000,1582000.0,HOSE
2026-03-12,09:22:11,PPC,9.3,1,9.3,2,18.6,HOSE
2026-03-12,09:23:32,SCR,5.35,1,5.35,1,5.35,HOSE
2026-03-12,09:25:29,SCR,5.35,1,5.35,2,10.7,HOSE
2026-03-12,09:27:05,SCR,5.35,1,5.35,3,16.049999999999997,HOSE
2026-03-12,09:27:50,SAB,46.0,35000,1610000.0,70000,3192000.0,HOSE
2026-03-12,09:28:36,LSS,7.96,1,7.96,1,7.96,HOSE
2026-03-12,09:29:41,GMD,77.0,250000,19250000.0,250000,19250000.0,HOSE
2026-03-12,09:30:03,VIB,15.9,1,15.9,1,15.9,HOSE
2026-03-12,09:30:52,AAA,6.64,1,6.64,5,33.2,HOSE
2026-03-12,09:33:44,BWE,40.0,500000,20000000.0,500000,20000000.0,HOSE
2026-03-12,09:33:50,MBB,27.336,166000,4537776.0,1200800,32825068.8,HOSE
2026-03-12,09:34:35,AGG,12.9,285000,3676500.0,285000,3676500.0,HOSE
2026-03-12,09:37:03,AAA,6.64,1,6.64,6,39.84,HOSE
2026-03-12,09:38:20,AAA,6.64,1,6.64,7,46.48,HOSE
2026-03-12,09:40:05,MBB,26.8,569000,15249200.0,1769800,48074268.8,HOSE
2026-03-12,09:43:31,SCR,5.35,1,5.35,4,21.4,HOSE
2026-03-12,09:44:46,TCB,30.3,1,30.3,1,30.3,HOSE
2026-03-12,09:45:14,HPG,27.1,1,27.1,1,27.1,HOSE
2026-03-12,09:45:42,DCM,48.7,1,48.7,1,48.7,HOSE
2026-03-12,09:46:20,HPG,27.1,1,27.1,2,54.2,HOSE
2026-03-12,09:46:48,HPG,27.1,2,54.2,4,108.4,HOSE
2026-03-12,09:47:15,VIX,18.25,1193200,21775900.0,1193200,21775900.0,HOSE
2026-03-12,09:47:39,HPG,27.1,2,54.2,6,162.60000000000002,HOSE
2026-03-12,09:47:48,VIX,17.1,399000,6822900.000000001,1592200,28598800.0,HOSE
2026-03-12,09:48:08,NLG,25.85,2,51.7,2,51.7,HOSE
2026-03-12,09:48:08,VIX,17.1,399000,6822900.000000001,1991200,35421700.0,HOSE
2026-03-12,09:48:29,VIX,17.1,780000,13338000.000000002,2771200,48759700.0,HOSE
2026-03-12,09:48:32,NLG,25.85,2,51.7,4,103.4,HOSE
2026-03-12,09:48:41,VIX,17.1,780000,13338000.000000002,3551200,62097700.00000001,HOSE
2026-03-12,09:49:39,VCI,35.7,2,71.4,2,71.4,HOSE
2026-03-12,09:50:00,STB,61.7,465000,28690500.0,465000,28690500.0,HOSE
2026-03-12,09:50:05,DCM,48.7,2,97.4,3,146.10000000000002,HOSE
2026-03-12,09:50:19,PPC,9.3,1,9.3,3,27.9,HOSE
2026-03-12,09:51:04,PPC,9.3,1,9.3,4,37.2,HOSE
2026-03-12,09:52:06,TNT,7.52,300000,2256000.0,300000,2256000.0,HOSE
2026-03-12,09:52:12,VIB,18.2,1666000,30321200.0,1666001,30321215.9,HOSE
2026-03-12,09:53:20,LSS,7.96,1,7.96,2,15.92,HOSE
2026-03-12,09:53:23,MBB,27.336,43000,1175448.0,1812800,49249716.8,HOSE
2026-03-12,09:53:27,STB,61.7,455000,28073500.0,920000,56764000.0,HOSE
2026-03-12,09:54:08,PDR,14.25,140000,1995000.0,140000,1995000.0,HOSE
2026-03-12,09:54:19,MBB,27.336,43000,1175448.0,1855800,50425164.8,HOSE
2026-03-12,09:55:33,FRT,166.1,201250,33427625.0,201250,33427625.0,HOSE
2026-03-12,09:55:42,DCM,48.7,2,97.4,5,243.5,HOSE
2026-03-12,09:56:10,TCB,30.3,2,60.6,3,90.9,HOSE
2026-03-12,09:56:11,STB,61.7,450000,27765000.0,1370000,84529000.0,HOSE
2026-03-12,09:56:40,TCB,30.3,1,30.3,4,121.2,HOSE
2026-03-12,09:56:46,TCB,29.0,20000,580000.0,20004,580121.2,HOSE
2026-03-12,09:57:10,HPG,27.1,1,27.1,7,189.7,HOSE
2026-03-12,09:57:31,HPG,27.1,2,54.2,9,243.9,HOSE
2026-03-12,09:57:56,VCI,35.7,2,71.4,4,142.8,HOSE
2026-03-12,09:58:19,DCM,48.7,2,97.4,7,340.90000000000003,HOSE
2026-03-12,09:58:26,TCB,33.0,1067400,35224200.0,1087404,35804321.2,HOSE
2026-03-12,09:58:44,TCB,30.3,1,30.3,1087405,35804351.5,HOSE
2026-03-12,09:59:07,HPG,27.1,2,54.2,11,298.1,HOSE
2026-03-12,09:59:32,NLG,25.85,2,51.7,6,155.10000000000002,HOSE
2026-03-12,10:00:08,MBB,24.95,1,24.95,1855801,50425189.75,HOSE
2026-03-12,10:01:28,AAA,6.64,1,6.64,8,53.12,HOSE
2026-03-12,10:02:00,NLG,25.85,1,25.85,7,180.95,HOSE
2026-03-12,10:02:36,DCM,48.7,2,97.4,9,438.3,HOSE
2026-03-12,10:03:02,VCI,35.7,2,71.4,6,214.2,HOSE
2026-03-12,10:03:32,TCB,30.3,2,60.6,1087407,35804412.1,HOSE
2026-03-12,10:03:54,DCM,48.7,1,48.7,10,487.0,HOSE
2026-03-12,10:04:10,SCR,5.35,1,5.35,5,26.75,HOSE
2026-03-12,10:04:17,HPG,27.1,2,54.2,13,352.3,HOSE
2026-03-12,10:04:42,NLG,25.85,2,51.7,9,232.65,HOSE
2026-03-12,10:05:10,TCB,30.3,2,60.6,1087409,35804472.7,HOSE
2026-03-12,10:05:18,PPC,9.3,1,9.3,5,46.5,HOSE
2026-03-12,10:05:34,VCI,35.7,2,71.4,8,285.6,HOSE
2026-03-12,10:05:45,SCR,5.35,1,5.35,6,32.099999999999994,HOSE
2026-03-12,10:05:51,AAA,6.64,1,6.64,9,59.76,HOSE
2026-03-12,10:05:56,HPG,27.1,1,27.1,14,379.4,HOSE
2026-03-12,10:06:33,SCR,5.35,1,5.35,7,37.45,HOSE
2026-03-12,10:07:50,PPC,9.3,1,9.3,6,55.8,HOSE
2026-03-12,10:08:31,PDR,14.25,450000,6412500.0,590000,8407500.0,HOSE
2026-03-12,10:09:16,PDR,14.25,450000,6412500.0,1040000,14820000.0,HOSE
2026-03-12,10:09:35,PDR,14.25,450000,6412500.0,1490000,21232500.0,HOSE
2026-03-12,10:09:54,PDR,14.25,450000,6412500.0,1940000,27645000.0,HOSE
2026-03-12,10:10:17,PDR,14.25,450000,6412500.0,2390000,34057500.0,HOSE
2026-03-12,10:10:40,PDR,14.25,450000,6412500.0,2840000,40470000.0,HOSE
2026-03-12,10:10:48,TCB,30.3,1,30.3,1087410,35804503.0,HOSE
2026-03-12,10:11:02,PDR,14.25,400000,5700000.0,3240000,46170000.0,HOSE
2026-03-12,10:11:05,AAA,6.64,1,6.64,10,66.39999999999999,HOSE
2026-03-12,10:11:13,NLG,25.85,1,25.85,10,258.5,HOSE
2026-03-12,10:11:30,PDR,14.25,400000,5700000.0,3640000,51870000.0,HOSE
2026-03-12,10:11:36,NLG,25.85,2,51.7,12,310.20000000000005,HOSE
2026-03-12,10:12:01,HPG,27.1,1,27.1,15,406.5,HOSE
2026-03-12,10:12:27,NLG,25.85,3,77.55000000000001,15,387.75,HOSE
2026-03-12,10:12:41,PDR,14.25,460000,6555000.0,4100000,58425000.0,HOSE
2026-03-12,10:12:54,NLG,25.85,2,51.7,17,439.4500000000001,HOSE
2026-03-12,10:13:00,PDR,14.25,400000,5700000.0,4500000,64125000.0,HOSE
2026-03-12,10:13:16,PDR,14.25,300000,4275000.0,4800000,68400000.0,HOSE
2026-03-12,10:13:26,TCB,33.0,123100,4062300.0,1210510,39866803.0,HOSE
2026-03-12,10:14:09,AAA,6.64,1,6.64,11,73.03999999999999,HOSE
2026-03-12,10:14:21,LSS,7.96,1,7.96,3,23.88,HOSE
2026-03-12,10:14:24,TCB,30.3,2,60.6,1210512,39866863.6,HOSE
2026-03-12,10:14:58,TCB,30.3,2,60.6,1210514,39866924.2,HOSE
2026-03-12,10:15:19,AAA,6.64,1,6.64,12,79.67999999999999,HOSE
2026-03-12,10:15:30,VCI,35.7,1,35.7,9,321.3,HOSE
2026-03-12,10:16:43,AAA,6.64,1,6.64,13,86.32,HOSE
2026-03-12,10:17:04,DCM,48.7,2,97.4,12,584.4000000000001,HOSE
2026-03-12,10:17:50,AAA,6.64,1,6.64,14,92.96,HOSE
2026-03-12,10:18:36,HPG,27.1,2,54.2,17,460.7000000000001,HOSE
2026-03-12,10:19:04,VCI,35.7,1,35.7,10,357.0,HOSE
2026-03-12,10:19:20,TMS,38.15,2291000,87401650.0,2291000,87401650.0,HOSE
2026-03-12,10:19:30,TCB,30.3,2,60.6,1210516,39866984.8,HOSE
2026-03-12,10:19:59,VCI,35.7,1,35.7,11,392.7000000000001,HOSE
2026-03-12,10:20:26,HPG,27.1,1,27.1,18,487.8,HOSE
2026-03-12,10:20:49,DBD,54.0,46000,2484000.0,46000,2484000.0,HOSE
2026-03-12,10:20:50,DCM,48.7,1,48.7,13,633.1,HOSE
2026-03-12,10:21:10,AAA,6.64,1,6.64,15,99.6,HOSE
2026-03-12,10:21:18,VCI,35.7,2,71.4,13,464.1,HOSE
2026-03-12,10:21:24,TCB,33.2,20000,664000.0,1230516,40530984.8,HOSE
2026-03-12,10:21:42,DCM,48.7,2,97.4,15,730.5,HOSE
2026-03-12,10:22:05,NLG,25.85,2,51.7,19,491.15,HOSE
2026-03-12,10:22:27,TCB,30.3,1,30.3,1230517,40531015.1,HOSE
2026-03-12,10:23:53,PPC,9.3,1,9.3,7,65.10000000000001,HOSE
2026-03-12,10:24:01,TCB,30.3,2,60.6,1230519,40531075.7,HOSE
2026-03-12,10:24:25,FPT,79.5,37700,2997150.0,182700,15438150.0,HOSE
2026-03-12,10:24:43,TCB,30.3,2,60.6,1230521,40531136.3,HOSE
2026-03-12,10:25:06,SCR,5.35,1,5.35,8,42.8,HOSE
2026-03-12,10:25:08,VCI,35.7,1,35.7,14,499.80000000000007,HOSE
2026-03-12,10:25:32,SCR,5.35,1,5.35,9,48.15,HOSE
2026-03-12,10:25:36,NLG,25.85,2,51.7,21,542.85,HOSE
2026-03-12,10:25:59,VCI,35.7,1,35.7,15,535.5,HOSE
2026-03-12,10:26:21,VCI,35.7,2,71.4,17,606.9000000000001,HOSE
2026-03-12,10:26:45,AAA,6.64,1,6.64,16,106.24,HOSE
2026-03-12,10:26:46,DCM,48.7,1,48.7,16,779.2,HOSE
2026-03-12,10:27:16,TCB,30.3,2,60.6,1230523,40531196.900000006,HOSE
2026-03-12,10:27:56,SCR,5.35,1,5.35,10,53.5,HOSE
2026-03-12,10:28:14,TCB,30.3,1,30.3,1230524,40531227.2,HOSE
2026-03-12,10:28:43,DCM,48.7,2,97.4,18,876.6,HOSE
2026-03-12,10:29:51,AAA,6.64,1,6.64,17,112.88,HOSE
2026-03-12,10:30:02,SCR,5.35,1,5.35,11,58.85,HOSE
2026-03-12,10:31:05,VPB,28.3,1100000,31130000.0,1100000,31130000.0,HOSE
2026-03-12,10:31:15,VIX,17.5,850000,14875000.0,4401200,76972700.0,HOSE
2026-03-12,10:31:47,VPB,28.3,1090000,30847000.0,2190000,61977000.0,HOSE
2026-03-12,10:31:51,DCM,48.7,7,340.90000000000003,25,1217.5,HOSE
2026-03-12,10:32:18,DCM,48.7,1,48.7,26,1266.2,HOSE
2026-03-12,10:32:41,DCM,48.7,1,48.7,27,1314.9,HOSE
2026-03-12,10:33:02,HPG,27.1,1,27.1,19,514.9,HOSE
2026-03-12,10:33:27,HPG,27.1,2,54.2,21,569.1,HOSE
2026-03-12,10:33:55,VCI,35.7,2,71.4,19,678.3000000000001,HOSE
2026-03-12,10:34:27,TCB,30.3,2,60.6,1230526,40531287.8,HOSE
2026-03-12,10:34:37,TCB,33.2,940000,31208000.000000004,2170526,71739287.80000001,HOSE
2026-03-12,10:34:51,DCM,48.7,2,97.4,29,1412.3000000000002,HOSE
2026-03-12,10:34:59,TCB,33.2,935000,31042000.000000004,3105526,102781287.8,HOSE
2026-03-12,10:35:00,SCR,5.35,1,5.35,12,64.19999999999999,HOSE
2026-03-12,10:35:13,ADS,7.7,30000,231000.0,30000,231000.0,HOSE
2026-03-12,10:35:13,DCM,48.7,1,48.7,30,1461.0000000000002,HOSE
2026-03-12,10:35:14,SCR,5.35,1,5.35,13,69.55,HOSE
2026-03-12,10:35:46,DCM,48.7,1,48.7,31,1509.7,HOSE
2026-03-12,10:36:19,SCR,5.35,1,5.35,14,74.89999999999999,HOSE
2026-03-12,10:36:50,VCB,61.0,32000,1952000.0,32000,1952000.0,HOSE
2026-03-12,10:38:04,VPB,28.3,1080000,30564000.0,3270000,92541000.0,HOSE
2026-03-12,10:38:23,VPB,28.3,1112000,31469600.0,4382000,124010600.0,HOSE
2026-03-12,10:38:38,PPC,9.3,1,9.3,8,74.4,HOSE
2026-03-12,10:40:18,SCR,5.35,1,5.35,15,80.25,HOSE
2026-03-12,10:40:33,TCB,33.2,930000,30876000.000000004,4035526,133657287.8,HOSE
2026-03-12,10:40:50,TCB,33.2,933000,30975600.000000004,4968526,164632887.8,HOSE
2026-03-12,10:41:17,VPB,26.45,1040000,27508000.0,5422000,151518600.0,HOSE
2026-03-12,10:46:30,SCR,5.35,1,5.35,16,85.6,HOSE
2026-03-12,10:48:13,DGC,72.3,67000,4844100.0,67000,4844100.0,HOSE
2026-03-12,10:50:50,SCR,5.35,1,5.35,17,90.95,HOSE
2026-03-12,10:51:19,LSS,7.96,1,7.96,4,31.84,HOSE
2026-03-12,10:53:03,SCR,5.35,1,5.35,18,96.3,HOSE
2026-03-12,10:59:25,SCR,5.35,1,5.35,19,101.65,HOSE
2026-03-12,11:00:09,NLG,25.85,1,25.85,22,568.7,HOSE
2026-03-12,11:00:33,NLG,25.85,2,51.7,24,620.4000000000001,HOSE
2026-03-12,11:00:54,VCI,35.7,2,71.4,21,749.7,HOSE
2026-03-12,11:01:16,VCI,35.7,2,71.4,23,821.1,HOSE
2026-03-12,11:01:37,TCB,30.3,2,60.6,4968528,164632948.4,HOSE
2026-03-12,11:02:01,HPG,27.1,1,27.1,22,596.2,HOSE
2026-03-12,11:02:23,HPG,27.1,1,27.1,23,623.3000000000001,HOSE
2026-03-12,11:02:48,HPG,27.1,2,54.2,25,677.5,HOSE
2026-03-12,11:02:49,AAA,6.64,1,6.64,18,119.52,HOSE
2026-03-12,11:03:09,VCI,35.7,2,71.4,25,892.5000000000001,HOSE
2026-03-12,11:03:30,TCB,30.3,2,60.6,4968530,164633009.00000003,HOSE
2026-03-12,11:05:34,SCR,5.35,1,5.35,20,107.0,HOSE
2026-03-12,11:07:04,EIB,22.45,380000,8531000.0,380000,8531000.0,HOSE
2026-03-12,11:07:58,HPG,27.1,1,27.1,26,704.6,HOSE
2026-03-12,11:08:23,NLG,25.85,2,51.7,26,672.1,HOSE
2026-03-12,11:08:44,NLG,25.85,7,180.95,33,853.0500000000001,HOSE
2026-03-12,11:09:05,TCB,30.3,2,60.6,4968532,164633069.60000002,HOSE
2026-03-12,11:09:06,EIB,24.0,135000,3240000.0,515000,11771000.0,HOSE
2026-03-12,11:09:31,TCB,30.3,1,30.3,4968533,164633099.9,HOSE
2026-03-12,11:09:55,VCI,35.7,1,35.7,26,928.2,HOSE
2026-03-12,11:10:21,TCB,30.3,2,60.6,4968535,164633160.50000003,HOSE
2026-03-12,11:10:53,HPG,27.1,1,27.1,27,731.7,HOSE
2026-03-12,11:11:20,DCM,48.7,2,97.4,33,1607.1,HOSE
2026-03-12,11:11:45,HPG,27.1,1,27.1,28,758.8000000000001,HOSE
2026-03-12,11:12:08,HDB,24.5,170000,4165000.0,170000,4165000.0,HOSE
2026-03-12,11:14:40,EIB,20.9,40000,836000.0,555000,12607000.0,HOSE
2026-03-12,11:16:46,VCI,35.7,7,249.90000000000003,33,1178.1,HOSE
2026-03-12,11:19:02,HPG,27.1,2,54.2,30,813.0,HOSE
2026-03-12,11:19:09,SCR,5.35,1,5.35,21,112.35,HOSE
2026-03-12,11:19:27,DCM,48.7,1,48.7,34,1655.8000000000002,HOSE
2026-03-12,11:19:48,NLG,25.85,1,25.85,34,878.9000000000001,HOSE
2026-03-12,11:20:15,TCB,30.3,1,30.3,4968536,164633190.8,HOSE
2026-03-12,11:20:36,TCB,30.3,2,60.6,4968538,164633251.4,HOSE
2026-03-12,11:20:57,HPG,27.1,2,54.2,32,867.2,HOSE
2026-03-12,11:21:22,TCB,30.3,2,60.6,4968540,164633312.00000003,HOSE
2026-03-12,11:21:49,HPG,27.1,1,27.1,33,894.3000000000001,HOSE
2026-03-12,11:22:11,TCB,30.3,1,30.3,4968541,164633342.3,HOSE
2026-03-12,11:28:08,PPC,9.3,1,9.3,9,83.7,HOSE
2026-03-12,13:01:07,PPC,9.3,1,9.3,10,93.0,HOSE
2026-03-12,13:01:07,SCR,5.35,1,5.35,22,117.7,HOSE
2026-03-12,13:01:07,SCR,5.35,1,5.35,23,123.05,HOSE
2026-03-12,13:01:07,SCR,5.35,1,5.35,24,128.39999999999998,HOSE
2026-03-12,13:01:07,SCR,5.35,1,5.35,25,133.75,HOSE
2026-03-12,13:01:07,AAA,6.64,1,6.64,19,126.16,HOSE
2026-03-12,13:01:07,PPC,9.3,1,9.3,11,102.3,HOSE
2026-03-12,13:01:07,LSS,7.96,1,7.96,5,39.8,HOSE
2026-03-12,13:01:08,SCR,5.35,1,5.35,26,139.1,HOSE
2026-03-12,13:01:23,PDR,14.25,350000,4987500.0,5150000,73387500.0,HOSE
2026-03-12,13:01:34,SCR,5.35,1,5.35,27,144.45,HOSE
2026-03-12,13:01:40,MWG,80.5,49000,3944500.0,49000,3944500.0,HOSE
2026-03-12,13:03:24,SCR,5.35,1,5.35,28,149.79999999999998,HOSE
2026-03-12,13:07:08,TCB,28.95,72000,2084400.0,5040541,166717742.3,HOSE
2026-03-12,13:08:09,VDS,16.0,5000000,80000000.0,5000000,80000000.0,HOSE
2026-03-12,13:08:21,E1VFVN30,32.872,240000,7889280.0,240000,7889280.0,HOSE
2026-03-12,13:09:11,SCR,5.35,1,5.35,29,155.14999999999998,HOSE
2026-03-12,13:10:13,NLG,25.85,2,51.7,36,930.6,HOSE
2026-03-12,13:10:41,HPG,27.1,2,54.2,35,948.5,HOSE
2026-03-12,13:11:07,DCM,48.7,1,48.7,35,1704.5000000000002,HOSE
2026-03-12,13:11:32,VCI,35.7,2,71.4,35,1249.5,HOSE
2026-03-12,13:11:56,VCI,35.7,2,71.4,37,1320.9,HOSE
2026-03-12,13:12:21,HPG,27.1,1,27.1,36,975.6,HOSE
2026-03-12,13:12:45,HPG,27.1,1,27.1,37,1002.7,HOSE
2026-03-12,13:13:02,VSC,22.65,465000,10532250.0,505000,11402250.0,HOSE
2026-03-12,13:13:10,TCB,30.3,2,60.6,5040543,166717802.9,HOSE
2026-03-12,13:13:33,DCM,48.7,1,48.7,36,1753.2,HOSE
2026-03-12,13:14:00,NLG,25.85,2,51.7,38,982.3,HOSE
2026-03-12,13:15:56,LSS,7.96,1,7.96,6,47.76,HOSE
2026-03-12,13:16:42,MWG,85.0,169000,14365000.0,218000,18309500.0,HOSE
2026-03-12,13:17:50,VNM,58.6,111000,6504600.0,111000,6504600.0,HOSE
2026-03-12,13:18:56,NLG,25.85,2,51.7,40,1034.0,HOSE
2026-03-12,13:19:41,TCB,30.3,2,60.6,5040545,166717863.50000003,HOSE
2026-03-12,13:20:08,NLG,25.85,2,51.7,42,1085.7,HOSE
2026-03-12,13:20:57,DCM,48.7,1,48.7,37,1801.9,HOSE
2026-03-12,13:21:02,TCB,30.5,72000,2196000.0,5112545,168913863.50000003,HOSE
2026-03-12,13:21:25,DCM,48.7,2,97.4,39,1899.3,HOSE
2026-03-12,13:21:43,HDB,26.5,1650000,43725000.0,1820000,47890000.0,HOSE
2026-03-12,13:21:54,VCI,35.7,2,71.4,39,1392.3000000000002,HOSE
2026-03-12,13:22:22,TCB,30.3,1,30.3,5112546,168913893.8,HOSE
2026-03-12,13:22:51,TCB,30.3,1,30.3,5112547,168913924.10000002,HOSE
2026-03-12,13:23:18,VCI,35.7,2,71.4,41,1463.7,HOSE
2026-03-12,13:23:50,NLG,25.85,1,25.85,43,1111.5500000000002,HOSE
2026-03-12,13:23:52,NT2,24.55,55000,1350250.0,55000,1350250.0,HOSE
2026-03-12,13:23:52,LSS,7.96,1,7.96,7,55.72,HOSE
2026-03-12,13:25:02,NLG,25.85,1,25.85,44,1137.4,HOSE
2026-03-12,13:25:30,NLG,25.85,2,51.7,46,1189.1,HOSE
2026-03-12,13:25:54,NLG,25.85,2,51.7,48,1240.8000000000002,HOSE
2026-03-12,13:25:58,TLG,47.1,27000,1271700.0,27000,1271700.0,HOSE
2026-03-12,13:26:22,HPG,27.1,2,54.2,39,1056.9,HOSE
2026-03-12,13:26:58,NLG,25.85,2,51.7,50,1292.5,HOSE
2026-03-12,13:27:26,HPG,27.1,2,54.2,41,1111.1,HOSE
2026-03-12,13:29:15,HDB,25.75,1550000,39912500.0,3370000,87802500.0,HOSE
2026-03-12,13:29:52,VCI,35.7,2,71.4,43,1535.1,HOSE
2026-03-12,13:30:18,HPG,27.1,1,27.1,42,1138.2,HOSE
2026-03-12,13:30:42,HDB,25.75,1780000,45835000.0,5150000,133637500.0,HOSE
2026-03-12,13:30:42,DCM,48.7,1,48.7,40,1948.0,HOSE
2026-03-12,13:31:02,HT1,16.0,1,16.0,1,16.0,HOSE
2026-03-12,13:31:05,VCI,35.7,2,71.4,45,1606.5000000000002,HOSE
2026-03-12,13:31:26,HDB,25.75,770000,19827500.0,5920000,153465000.0,HOSE
2026-03-12,13:32:15,PPC,9.3,1,9.3,12,111.6,HOSE
2026-03-12,13:32:17,HDB,25.75,800000,20600000.0,6720000,174065000.0,HOSE
2026-03-12,13:34:01,APG,7.65,49500,378675.0,49500,378675.0,HOSE
2026-03-12,13:37:24,MBB,27.336,450000,12301200.0,2305801,62726389.75,HOSE
2026-03-12,13:38:22,POW,13.2,800000,10560000.0,800000,10560000.0,HOSE
2026-03-12,13:39:23,POW,13.2,385000,5082000.0,1185000,15642000.0,HOSE
2026-03-12,13:40:07,SCR,5.35,1,5.35,30,160.5,HOSE
2026-03-12,13:40:37,AAA,6.64,1,6.64,20,132.79999999999998,HOSE
2026-03-12,13:45:20,PPC,9.3,1,9.3,13,120.9,HOSE
2026-03-12,13:46:45,MBB,27.336,234000,6396624.0,2539801,69123013.75,HOSE
2026-03-12,13:49:45,TCB,32.635,30000,979050.0,5142547,169892974.10000002,HOSE
2026-03-12,13:51:23,VNM,66.8,99000,6613200.0,210000,13117800.0,HOSE
2026-03-12,13:52:44,KOS,34.0,107000,3638000.0,107000,3638000.0,HOSE
2026-03-12,13:53:23,VCB,60.0,35000,2100000.0,67000,4052000.0,HOSE
2026-03-12,13:55:40,VIX,18.25,2083000,38014750.0,6484200,114987450.0,HOSE
2026-03-12,13:57:19,PPC,9.3,1,9.3,14,130.20000000000002,HOSE
2026-03-12,13:59:00,MBB,27.336,2000000,54672000.0,4539801,123795013.75,HOSE
2026-03-12,14:00:07,DGW,44.5,45000,2002500.0,45000,2002500.0,HOSE
2026-03-12,14:00:09,DHC,35.0,101900,3566500.0,101900,3566500.0,HOSE
2026-03-12,14:01:29,SCR,5.35,1,5.35,31,165.85,HOSE
2026-03-12,14:02:59,HDB,25.75,2532000,65199000.0,9252000,239264000.0,HOSE
2026-03-12,14:03:32,SHB,15.0,4652000,69780000.0,4652000,69780000.0,HOSE
2026-03-12,14:04:48,MWG,84.0,20000,1680000.0,238000,19989500.0,HOSE
2026-03-12,14:06:22,NLG,25.0,225100,5627500.0,225150,5628792.5,HOSE
2026-03-12,14:06:54,VHM,100.0,380000,38000000.0,380000,38000000.0,HOSE
2026-03-12,14:07:14,AAA,6.64,1,6.64,21,139.44,HOSE
2026-03-12,14:07:47,HPG,25.51,50000,1275500.0,50042,1276638.2,HOSE
2026-03-12,14:09:18,HSL,6.0,61500,369000.0,61500,369000.0,HOSE
2026-03-12,14:11:55,AAA,6.64,1,6.64,22,146.07999999999998,HOSE
2026-03-12,14:13:07,POW,13.2,800000,10560000.0,1985000,26202000.0,HOSE
2026-03-12,14:13:32,GEX,32.9,20000,658000.0,20000,658000.0,HOSE
2026-03-12,14:14:03,AGG,12.9,799000,10307100.0,1084000,13983600.0,HOSE
2026-03-12,14:14:28,PPC,9.3,1,9.3,15,139.5,HOSE
2026-03-12,14:14:49,OCB,10.15,10000000,101500000.0,10000000,101500000.0,HOSE
2026-03-12,14:14:58,PPC,9.3,1,9.3,16,148.8,HOSE
2026-03-12,14:18:12,OCB,10.15,10000000,101500000.0,20000000,203000000.0,HOSE
2026-03-12,14:18:19,PPC,9.3,1,9.3,17,158.10000000000002,HOSE
2026-03-12,14:18:33,PPC,9.3,1,9.3,18,167.4,HOSE
2026-03-12,14:20:17,SHI,13.1,240000,3144000.0,240000,3144000.0,HOSE
2026-03-12,14:22:05,HPG,25.51,20000,510200.00000000006,70042,1786838.2,HOSE
2026-03-12,14:23:43,TPB,17.4,400000,6959999.999999999,400000,6959999.999999999,HOSE
2026-03-12,14:24:05,AGG,12.9,900000,11610000.0,1984000,25593600.0,HOSE
2026-03-12,14:28:00,AAA,6.64,1,6.64,23,152.72,HOSE
2026-03-12,14:29:06,PPC,9.3,1,9.3,19,176.70000000000002,HOSE
2026-03-12,14:29:54,TAL,39.5,500000,19750000.0,500000,19750000.0,HOSE
2026-03-12,14:31:01,AGG,12.9,800000,10320000.0,2784000,35913600.0,HOSE
2026-03-12,14:31:19,SHI,13.1,236700,3100770.0,476700,6244770.0,HOSE
2026-03-12,14:33:02,MBB,27.336,2316000,63310176.0,6855801,187105189.75,HOSE
2026-03-12,14:33:13,FUEVFVND,34.967,100000,3496700.0,100000,3496700.0,HOSE
2026-03-12,14:34:30,APG,7.65,40500,309825.0,90000,688500.0,HOSE
2026-03-12,14:35:08,AGG,12.9,600000,7740000.0,3384000,43653600.0,HOSE
2026-03-12,14:35:30,VIB,17.0,250000,4250000.0,1916001,34571215.9,HOSE
2026-03-12,14:36:16,TAL,39.5,500000,19750000.0,1000000,39500000.0,HOSE
2026-03-12,14:36:30,VIB,17.0,275000,4675000.0,2191001,39246215.9,HOSE
2026-03-12,14:36:42,TCB,33.25,500000,16625000.0,5642547,186517974.1,HOSE
2026-03-12,14:39:04,AGG,12.9,700000,9030000.0,4084000,52683600.0,HOSE
2026-03-12,14:40:30,VIB,17.0,330000,5610000.0,2521001,44856215.9,HOSE
2026-03-12,14:41:47,AGG,12.9,400000,5160000.0,4484000,57843600.0,HOSE
2026-03-12,14:44:22,SCR,6.0,568958,3413748.0,568989,3413913.85,HOSE
2026-03-12,14:46:37,AGG,12.9,350000,4515000.0,4834000,62358600.0,HOSE
2026-03-12,14:47:24,VNE,4.53,200000,906000.0,200000,906000.0,HOSE
2026-03-12,14:47:29,VPB,25.784,1372000,35375648.0,6794000,186894248.0,HOSE
2026-03-12,14:47:31,VPB,25.784,106000,2733104.0,6900000,189627352.0,HOSE
2026-03-12,14:47:42,ACB,21.65,65000,1407250.0,65000,1407250.0,HOSE
2026-03-12,14:48:35,PNJ,116.783,100000,11678300.0,100000,11678300.0,HOSE
2026-03-12,14:49:07,AGG,12.9,350000,4515000.0,5184000,66873600.0,HOSE
2026-03-12,14:49:14,VNM,61.721,200000,12344200.0,410000,25462000.0,HOSE
2026-03-12,14:49:14,BID,40.82,70000,2857400.0,70000,2857400.0,HOSE
2026-03-12,14:49:14,BID,40.82,40000,1632800.0,110000,4490200.0,HOSE
2026-03-12,14:49:14,CTG,34.369,100000,3436900.0,100000,3436900.0,HOSE
2026-03-12,14:49:14,BID,40.82,30000,1224600.0,140000,5714800.0,HOSE
2026-03-12,14:49:18,PNJ,116.783,50500,5897541.5,150500,17575841.5,HOSE
2026-03-12,14:49:23,BID,41.7,60000,2502000.0,200000,8216800.0,HOSE
2026-03-12,14:50:08,PNJ,116.783,64400,7520825.2,214900,25096666.7,HOSE
2026-03-12,14:50:11,TCH,14.526,470000,6827220.0,470000,6827220.0,HOSE
2026-03-12,14:50:17,VNM,61.757,795000,49096815.0,1205000,74558815.0,HOSE
2026-03-12,14:50:18,VHM,89.26,20000,1785200.0,400000,39785200.0,HOSE
2026-03-12,14:50:41,MBB,27.336,600000,16401600.0,7455801,203506789.75,HOSE
2026-03-12,14:50:49,PNJ,116.783,34000,3970622.0,248900,29067288.7,HOSE
2026-03-12,14:51:13,E1VFVN30,33.139,60773,2013956.447,300773,9903236.447,HOSE
2026-03-12,14:51:19,TCH,14.526,500000,7263000.0,970000,14090220.0,HOSE
2026-03-12,14:51:20,VIC,145.0,4000000,580000000.0,4000000,580000000.0,HOSE
2026-03-12,14:51:31,PNJ,116.783,101100,11806761.3,350000,40874050.0,HOSE
2026-03-12,14:51:44,FUEVFVND,37.074,89902,3333026.748,189902,6829726.748,HOSE
2026-03-12,14:51:58,PNJ,116.783,70000,8174810.0,420000,49048860.0,HOSE
2026-03-12,14:52:22,PNJ,116.783,28900,3375028.7,448900,52423888.7,HOSE
2026-03-12,14:52:27,AGG,12.9,200000,2580000.0,5384000,69453600.0,HOSE
2026-03-12,14:52:58,MBB,27.336,100000,2733600.0,7555801,206240389.75,HOSE
2026-03-12,14:53:14,PNJ,116.783,100000,11678300.0,548900,64102188.7,HOSE
2026-03-12,14:53:30,KDC,51.3,180000,9234000.0,180000,9234000.0,HOSE
2026-03-12,14:53:30,KDC,51.3,230000,11799000.0,410000,21033000.0,HOSE
2026-03-12,14:55:03,MBB,27.336,100000,2733600.0,7655801,208973989.75,HOSE
2026-03-12,14:55:21,TVB,6.88,71000,488480.0,71000,488480.0,HOSE
2026-03-12,14:56:05,MBB,27.336,100000,2733600.0,7755801,211707589.75,HOSE
2026-03-13,09:05:32,TCB,32.1,21800,699780.0,21800,699780.0,HOSE
2026-03-13,09:08:35,HSL,5.3,35000,185500.0,35000,185500.0,HOSE
2026-03-13,09:16:15,OCB,10.1,10000000,101000000.0,10000000,101000000.0,HOSE
2026-03-13,09:16:36,SCR,5.3,1,5.3,1,5.3,HOSE
2026-03-13,09:16:39,LSS,7.94,1,7.94,1,7.94,HOSE
2026-03-13,09:17:18,PPC,9.3,1,9.3,1,9.3,HOSE
2026-03-13,09:18:32,AAA,6.6,1,6.6,1,6.6,HOSE
2026-03-13,09:22:02,SAB,45.5,22000,1001000.0,22000,1001000.0,HOSE
2026-03-13,09:23:01,PPC,9.3,1,9.3,2,18.6,HOSE
2026-03-13,09:24:12,KDC,51.3,500000,25650000.0,500000,25650000.0,HOSE
2026-03-13,09:34:08,VCB,61.0,26000,1586000.0,26000,1586000.0,HOSE
2026-03-13,09:36:04,MSB,11.25,5065000,56981250.0,5065000,56981250.0,HOSE
2026-03-13,09:41:27,AAA,6.6,1,6.6,2,13.2,HOSE
2026-03-13,09:42:09,OCB,10.05,10000000,100500000.0,20000000,201500000.0,HOSE
2026-03-13,09:45:08,AAA,6.6,1,6.6,3,19.799999999999997,HOSE
2026-03-13,09:45:17,SCR,5.3,1,5.3,2,10.6,HOSE
2026-03-13,09:47:04,AAA,6.6,1,6.6,4,26.4,HOSE
2026-03-13,09:49:04,AAA,6.6,1,6.6,5,33.0,HOSE
2026-03-13,09:49:39,STB,61.2,460000,28152000.0,460000,28152000.0,HOSE
2026-03-13,09:50:11,VND,17.5,576000,10080000.0,576000,10080000.0,HOSE
2026-03-13,09:50:56,PPC,9.3,1,9.3,3,27.900000000000002,HOSE
2026-03-13,09:54:28,OCB,10.05,10000000,100500000.0,30000000,302000000.0,HOSE
2026-03-13,09:54:55,SCR,5.3,1,5.3,3,15.899999999999999,HOSE
2026-03-13,09:55:33,LSS,7.94,1,7.94,2,15.88,HOSE
2026-03-13,09:55:47,AAA,6.6,1,6.6,6,39.599999999999994,HOSE
2026-03-13,09:55:48,LSS,7.94,1,7.94,3,23.82,HOSE
2026-03-13,09:56:39,LSS,7.94,1,7.94,4,31.76,HOSE
2026-03-13,09:58:40,AAA,6.6,1,6.6,7,46.199999999999996,HOSE
2026-03-13,10:02:56,AAA,6.6,1,6.6,8,52.8,HOSE
2026-03-13,10:03:57,SCR,5.3,1,5.3,4,21.2,HOSE
2026-03-13,10:10:12,SCR,5.3,1,5.3,5,26.5,HOSE
2026-03-13,10:13:43,PPC,9.3,1,9.3,4,37.2,HOSE
2026-03-13,10:14:28,SCR,5.3,1,5.3,6,31.799999999999997,HOSE
2026-03-13,10:17:27,PPC,9.3,1,9.3,5,46.5,HOSE
2026-03-13,10:19:47,SCR,5.3,1,5.3,7,37.1,HOSE
2026-03-13,10:21:25,SHI,13.1,200000,2620000.0,200000,2620000.0,HOSE
2026-03-13,10:26:45,AAA,6.6,1,6.6,9,59.4,HOSE
2026-03-13,10:30:07,VIB,15.5,1,15.5,1,15.5,HOSE
2026-03-13,10:34:10,KBC,32.0,380000,12160000.0,380000,12160000.0,HOSE
2026-03-13,10:34:20,PPC,9.3,1,9.3,6,55.800000000000004,HOSE
2026-03-13,10:36:31,AAA,6.6,1,6.6,10,66.0,HOSE
2026-03-13,10:37:54,SCR,5.3,1,5.3,8,42.4,HOSE
2026-03-13,10:40:00,AAA,6.6,1,6.6,11,72.6,HOSE
2026-03-13,10:43:31,SCR,5.3,1,5.3,9,47.699999999999996,HOSE
2026-03-13,10:44:23,AAA,6.6,1,6.6,12,79.19999999999999,HOSE
2026-03-13,10:49:53,LPB,43.95,230000,10108500.0,230000,10108500.0,HOSE
2026-03-13,10:52:09,SHI,13.1,200000,2620000.0,400000,5240000.0,HOSE
2026-03-13,10:52:19,SCR,5.3,1,5.3,10,53.0,HOSE
2026-03-13,10:52:56,NLG,26.85,1,26.85,1,26.85,HOSE
2026-03-13,10:53:33,TCB,31.1,1,31.1,21801,699811.1,HOSE
2026-03-13,10:54:21,NLG,26.85,2,53.7,3,80.55000000000001,HOSE
2026-03-13,10:54:42,TCB,31.1,2,62.2,21803,699873.3,HOSE
2026-03-13,10:55:03,TCB,31.1,2,62.2,21805,699935.5,HOSE
2026-03-13,10:55:28,SCR,5.3,1,5.3,11,58.3,HOSE
2026-03-13,10:55:28,DCM,48.15,2,96.3,2,96.3,HOSE
2026-03-13,10:55:42,PPC,9.3,1,9.3,7,65.10000000000001,HOSE
2026-03-13,10:55:53,VCI,37.2,1,37.2,1,37.2,HOSE
2026-03-13,10:56:16,VCI,37.2,2,74.4,3,111.60000000000001,HOSE
2026-03-13,10:56:36,HPG,27.4,1,27.4,1,27.4,HOSE
2026-03-13,10:56:59,DCM,48.15,2,96.3,4,192.6,HOSE
2026-03-13,10:58:08,VCI,37.2,1,37.2,4,148.8,HOSE
2026-03-13,10:58:37,NLG,26.85,3,80.55000000000001,6,161.10000000000002,HOSE
2026-03-13,10:58:57,VCI,37.2,1,37.2,5,186.0,HOSE
2026-03-13,10:59:36,NLG,26.85,1,26.85,7,187.95000000000002,HOSE
2026-03-13,11:00:04,HPG,27.4,2,54.8,3,82.19999999999999,HOSE
2026-03-13,11:00:35,HPG,27.4,3,82.19999999999999,6,164.39999999999998,HOSE
2026-03-13,11:00:57,LSS,7.94,1,7.94,5,39.7,HOSE
2026-03-13,11:00:59,NLG,26.85,2,53.7,9,241.65000000000003,HOSE
2026-03-13,11:01:26,NLG,26.85,2,53.7,11,295.35,HOSE
2026-03-13,11:01:53,NLG,26.85,7,187.95000000000002,18,483.30000000000007,HOSE
2026-03-13,11:02:32,NLG,26.85,2,53.7,20,537.0,HOSE
2026-03-13,11:02:42,FPT,83.1,380000,31577999.999999996,380000,31577999.999999996,HOSE
2026-03-13,11:03:50,FPT,83.1,360000,29915999.999999996,740000,61493999.99999999,HOSE
2026-03-13,11:04:21,FPT,83.1,368000,30580799.999999996,1108000,92074799.99999999,HOSE
2026-03-13,11:05:16,VPB,27.55,1150000,31682500.0,1150000,31682500.0,HOSE
2026-03-13,11:05:41,VPB,27.55,1120000,30856000.0,2270000,62538500.0,HOSE
2026-03-13,11:06:06,VCI,37.2,1,37.2,6,223.20000000000002,HOSE
2026-03-13,11:06:36,DCM,48.15,1,48.15,5,240.75,HOSE
2026-03-13,11:07:06,SCR,5.3,1,5.3,12,63.599999999999994,HOSE
2026-03-13,11:07:09,TCB,31.1,1,31.1,21806,699966.6,HOSE
2026-03-13,11:07:39,HPG,27.4,1,27.4,7,191.79999999999998,HOSE
2026-03-13,11:08:41,SCR,5.3,1,5.3,13,68.89999999999999,HOSE
2026-03-13,11:08:45,FPT,83.1,73000,6066300.0,1181000,98141099.99999999,HOSE
2026-03-13,11:08:52,HPG,27.4,2,54.8,9,246.59999999999997,HOSE
2026-03-13,11:09:22,SCR,5.3,1,5.3,14,74.2,HOSE
2026-03-13,11:10:03,VCI,37.2,1,37.2,7,260.40000000000003,HOSE
2026-03-13,11:10:31,DCM,48.15,2,96.3,7,337.04999999999995,HOSE
2026-03-13,11:12:14,HAP,7.77,500000,3885000.0,500000,3885000.0,HOSE
2026-03-13,11:12:24,DCM,48.15,1,48.15,8,385.2,HOSE
2026-03-13,11:12:54,NLG,26.85,1,26.85,21,563.85,HOSE
2026-03-13,11:13:20,DCM,48.15,1,48.15,9,433.34999999999997,HOSE
2026-03-13,11:14:42,NLG,26.85,1,26.85,22,590.7,HOSE
2026-03-13,11:15:16,VCI,37.2,1,37.2,8,297.6,HOSE
2026-03-13,11:15:40,DCM,48.15,2,96.3,11,529.65,HOSE
2026-03-13,11:16:04,TCB,31.1,3,93.30000000000001,21809,700059.9,HOSE
2026-03-13,11:16:30,DCM,48.15,1,48.15,12,577.8,HOSE
2026-03-13,11:16:53,DCM,48.15,1,48.15,13,625.9499999999999,HOSE
2026-03-13,11:17:25,NLG,26.85,2,53.7,24,644.4000000000001,HOSE
2026-03-13,11:17:53,ACB,21.6,195000,4212000.0,195000,4212000.0,HOSE
2026-03-13,11:18:10,ACB,21.6,30000,648000.0,225000,4860000.0,HOSE
2026-03-13,11:18:22,LPB,43.95,1193000,52432350.0,1423000,62540850.0,HOSE
2026-03-13,11:18:31,DCM,48.15,1,48.15,14,674.1,HOSE
2026-03-13,11:18:50,KDC,51.3,500000,25650000.0,1000000,51300000.0,HOSE
2026-03-13,11:19:21,DCM,48.15,2,96.3,16,770.4,HOSE
2026-03-13,11:19:53,VCI,37.2,1,37.2,9,334.8,HOSE
2026-03-13,11:21:26,VDS,16.0,1717338,27477408.0,1717338,27477408.0,HOSE
2026-03-13,11:22:28,VDS,16.0,3282662,52522592.0,5000000,80000000.0,HOSE
2026-03-13,11:22:53,FRT,155.0,217875,33770625.0,217875,33770625.0,HOSE
2026-03-13,11:23:43,VIB,17.2,1091792,18778822.4,1091793,18778837.9,HOSE
2026-03-13,11:25:18,SCR,5.3,1,5.3,15,79.5,HOSE
2026-03-13,11:28:17,SCR,5.3,1,5.3,16,84.8,HOSE
2026-03-13,11:29:46,FPT,83.1,39000,3240900.0,1220000,101381999.99999999,HOSE
2026-03-13,13:00:44,AAA,6.6,1,6.6,13,85.8,HOSE
2026-03-13,13:00:44,SCR,5.3,1,5.3,17,90.1,HOSE
2026-03-13,13:00:44,AAA,6.6,1,6.6,14,92.39999999999999,HOSE
2026-03-13,13:00:44,LSS,7.94,1,7.94,6,47.64,HOSE
2026-03-13,13:00:44,LSS,7.94,1,7.94,7,55.580000000000005,HOSE
2026-03-13,13:00:44,AAA,6.6,1,6.6,15,99.0,HOSE
2026-03-13,13:00:44,SCR,5.3,1,5.3,18,95.39999999999999,HOSE
2026-03-13,13:00:44,SCR,5.3,1,5.3,19,100.7,HOSE
2026-03-13,13:00:44,AAA,6.6,1,6.6,16,105.6,HOSE
2026-03-13,13:00:44,SCR,5.3,1,5.3,20,106.0,HOSE
2026-03-13,13:00:45,LSS,7.94,1,7.94,8,63.52,HOSE
2026-03-13,13:00:45,AAA,6.6,1,6.6,17,112.19999999999999,HOSE
2026-03-13,13:00:45,LSS,7.94,1,7.94,9,71.46000000000001,HOSE
2026-03-13,13:00:45,SCR,5.3,1,5.3,21,111.3,HOSE
2026-03-13,13:00:45,SCR,5.3,1,5.3,22,116.6,HOSE
2026-03-13,13:00:45,SCR,5.3,1,5.3,23,121.89999999999999,HOSE
2026-03-13,13:00:45,AAA,6.6,1,6.6,18,118.8,HOSE
2026-03-13,13:00:45,AAA,6.6,1,6.6,19,125.39999999999999,HOSE
2026-03-13,13:00:45,SCR,5.3,1,5.3,24,127.19999999999999,HOSE
2026-03-13,13:00:45,PPC,9.3,1,9.3,8,74.4,HOSE
2026-03-13,13:07:36,MWG,85.0,280000,23800000.0,280000,23800000.0,HOSE
2026-03-13,13:08:03,MWG,85.0,310000,26350000.0,590000,50150000.0,HOSE
2026-03-13,13:08:27,MWG,84.609,600000,50765400.0,1190000,100915400.0,HOSE
2026-03-13,13:10:08,FPT,79.582,50000,3979099.9999999995,1270000,105361099.99999999,HOSE
2026-03-13,13:11:25,SCR,5.3,1,5.3,25,132.5,HOSE
2026-03-13,13:12:27,VPB,25.75,1290000,33217500.0,3560000,95756000.0,HOSE
2026-03-13,13:13:50,VPB,25.75,1255000,32316250.0,4815000,128072250.0,HOSE
2026-03-13,13:15:01,SCR,5.3,1,5.3,26,137.79999999999998,HOSE
2026-03-13,13:16:45,NLG,26.85,1,26.85,25,671.25,HOSE
2026-03-13,13:17:19,NLG,26.85,1,26.85,26,698.1,HOSE
2026-03-13,13:17:34,PVD,40.0,112000,4480000.0,112000,4480000.0,HOSE
2026-03-13,13:17:44,TCB,31.1,2,62.2,21811,700122.1,HOSE
2026-03-13,13:18:11,NLG,26.85,2,53.7,28,751.8000000000001,HOSE
2026-03-13,13:18:28,SHB,13.95,200000,2790000.0,200000,2790000.0,HOSE
2026-03-13,13:18:29,CTI,23.05,180000,4149000.0,180000,4149000.0,HOSE
2026-03-13,13:18:43,VCI,37.2,1,37.2,10,372.0,HOSE
2026-03-13,13:19:06,TCB,31.1,1,31.1,21812,700153.2,HOSE
2026-03-13,13:19:14,VPI,56.5,89000,5028500.0,89000,5028500.0,HOSE
2026-03-13,13:19:17,MBB,27.0,1000000,27000000.0,1000000,27000000.0,HOSE
2026-03-13,13:19:27,POW,14.0,4517000,63238000.0,4517000,63238000.0,HOSE
2026-03-13,13:19:28,VHM,102.6,210000,21546000.0,210000,21546000.0,HOSE
2026-03-13,13:19:29,DCM,48.15,1,48.15,17,818.55,HOSE
2026-03-13,13:19:50,TCB,27.95,20000,559000.0,41812,1259153.2,HOSE
2026-03-13,13:19:52,HPG,27.4,1,27.4,10,274.0,HOSE
2026-03-13,13:20:13,VCI,37.2,1,37.2,11,409.20000000000005,HOSE
2026-03-13,13:20:38,VCI,37.2,1,37.2,12,446.40000000000003,HOSE
2026-03-13,13:21:09,E1VFVN30,33.146,100000,3314600.0,100000,3314600.0,HOSE
2026-03-13,13:21:11,POW,14.0,7000000,98000000.0,11517000,161238000.0,HOSE
2026-03-13,13:21:27,FUEVFVND,36.994,100000,3699400.0,100000,3699400.0,HOSE
2026-03-13,13:21:34,POW,14.0,4373000,61222000.0,15890000,222460000.0,HOSE
2026-03-13,13:21:59,POW,14.0,2110000,29540000.0,18000000,252000000.0,HOSE
2026-03-13,13:22:09,FPT,83.1,260000,21606000.0,1530000,126967099.99999999,HOSE
2026-03-13,13:22:30,HDC,18.0,450000,8100000.0,450000,8100000.0,HOSE
2026-03-13,13:22:52,HDC,18.0,150000,2700000.0,600000,10800000.0,HOSE
2026-03-13,13:22:54,SSB,16.8,1750000,29400000.0,1750000,29400000.0,HOSE
2026-03-13,13:23:18,HCM,23.0,300000,6900000.0,300000,6900000.0,HOSE
2026-03-13,13:23:44,HHS,11.0,1000000,11000000.0,1000000,11000000.0,HOSE
2026-03-13,13:24:04,SHB,15.0,1000000,15000000.0,1200000,17790000.0,HOSE
2026-03-13,13:24:17,TLD,8.0,130000,1040000.0,130000,1040000.0,HOSE
2026-03-13,13:24:19,FPT,83.1,45000,3739499.9999999995,1575000,130706599.99999999,HOSE
2026-03-13,13:24:23,BID,42.0,150000,6300000.0,150000,6300000.0,HOSE
2026-03-13,13:24:48,VJC,152.8,20000,3056000.0,20000,3056000.0,HOSE
2026-03-13,13:24:57,BID,42.0,50000,2100000.0,200000,8400000.0,HOSE
2026-03-13,13:25:15,SHI,14.0,4000000,56000000.0,4400000,61240000.0,HOSE
2026-03-13,13:25:21,VPB,27.55,1070000,29478500.0,5885000,157550750.0,HOSE
2026-03-13,13:25:43,SCR,5.3,1,5.3,27,143.1,HOSE
2026-03-13,13:25:43,DCM,48.15,2,96.3,19,914.8499999999999,HOSE
2026-03-13,13:26:21,TCB,31.1,2,62.2,41814,1259215.4,HOSE
2026-03-13,13:26:44,NLG,26.85,2,53.7,30,805.5,HOSE
2026-03-13,13:27:12,NLG,26.85,2,53.7,32,859.2,HOSE
2026-03-13,13:27:35,HPG,27.4,1,27.4,11,301.4,HOSE
2026-03-13,13:28:00,VCI,37.2,2,74.4,14,520.8000000000001,HOSE
2026-03-13,13:28:21,NLG,26.85,1,26.85,33,886.0500000000001,HOSE
2026-03-13,13:28:28,VIB,16.746,5000000,83730000.0,6091793,102508837.9,HOSE
2026-03-13,13:28:48,NLG,26.85,1,26.85,34,912.9000000000001,HOSE
2026-03-13,13:28:49,HPG,24.96,50000,1248000.0,50011,1248301.4,HOSE
2026-03-13,13:29:08,TCH,14.421,4997200,72064621.2,4997200,72064621.2,HOSE
2026-03-13,13:29:08,VCI,37.2,1,37.2,15,558.0,HOSE
2026-03-13,13:29:29,KDH,25.968,3000000,77904000.0,3000000,77904000.0,HOSE
2026-03-13,13:29:31,TCB,31.1,2,62.2,41816,1259277.5999999999,HOSE
2026-03-13,13:29:40,MWG,84.6,70000,5922000.0,1260000,106837400.0,HOSE
2026-03-13,13:30:07,TCB,27.9,1,27.9,41817,1259305.5,HOSE
2026-03-13,13:30:46,SSB,16.8,1750000,29400000.0,3500000,58800000.0,HOSE
2026-03-13,13:32:38,SCR,5.3,1,5.3,28,148.4,HOSE
2026-03-13,13:32:47,AAA,6.6,1,6.6,20,132.0,HOSE
2026-03-13,13:32:54,MBB,27.0,9000000,243000000.0,10000000,270000000.0,HOSE
2026-03-13,13:33:36,TCB,32.05,20000,641000.0,61817,1900305.5,HOSE
2026-03-13,13:35:02,VCI,37.2,1,37.2,16,595.2,HOSE
2026-03-13,13:35:29,VCI,37.2,1,37.2,17,632.4000000000001,HOSE
2026-03-13,13:35:55,VCI,37.2,2,74.4,19,706.8000000000001,HOSE
2026-03-13,13:35:56,SHI,13.1,250000,3275000.0,4650000,64515000.0,HOSE
2026-03-13,13:36:15,HPG,27.4,1,27.4,50012,1248328.7999999998,HOSE
2026-03-13,13:36:40,NLG,26.85,1,26.85,35,939.7500000000001,HOSE
2026-03-13,13:36:44,SSB,16.8,1750000,29400000.0,5250000,88200000.0,HOSE
2026-03-13,13:37:05,VCI,37.2,1,37.2,20,744.0,HOSE
2026-03-13,13:37:32,VCI,37.2,1,37.2,21,781.2,HOSE
2026-03-13,13:37:55,VCI,37.2,2,74.4,23,855.6,HOSE
2026-03-13,13:38:17,DCM,48.15,1,48.15,20,963.0,HOSE
2026-03-13,13:38:39,PDR,14.5,300000,4350000.0,300000,4350000.0,HOSE
2026-03-13,13:38:41,TCB,31.1,1,31.1,61818,1900336.6,HOSE
2026-03-13,13:39:09,SSI,29.15,500000,14575000.0,500000,14575000.0,HOSE
2026-03-13,13:41:08,NLG,26.85,2,53.7,37,993.45,HOSE
2026-03-13,13:41:36,HPG,27.4,1,27.4,50013,1248356.2,HOSE
2026-03-13,13:42:06,TCB,31.1,1,31.1,61819,1900367.7,HOSE
2026-03-13,13:42:30,HPG,27.4,1,27.4,50014,1248383.5999999999,HOSE
2026-03-13,13:42:55,NLG,26.85,1,26.85,38,1020.3000000000001,HOSE
2026-03-13,13:43:21,TCB,31.1,2,62.2,61821,1900429.9,HOSE
2026-03-13,13:44:37,TCB,30.0,1150000,34500000.0,1211821,36400429.9,HOSE
2026-03-13,13:44:49,TCB,30.0,900000,27000000.0,2111821,63400429.9,HOSE
2026-03-13,13:45:44,HPG,27.4,2,54.8,50016,1248438.4,HOSE
2026-03-13,13:46:09,DCM,48.15,2,96.3,22,1059.3,HOSE
2026-03-13,13:46:32,VCI,37.2,1,37.2,24,892.8000000000001,HOSE
2026-03-13,13:51:19,VND,17.0,200000,3400000.0,776000,13480000.0,HOSE
2026-03-13,13:52:11,PVD,40.0,1138000,45520000.0,1250000,50000000.0,HOSE
2026-03-13,13:52:54,DCM,48.15,2,96.3,24,1155.6,HOSE
2026-03-13,13:53:03,AAA,6.6,1,6.6,21,138.6,HOSE
2026-03-13,13:53:23,VCI,37.2,1,37.2,25,930.0000000000001,HOSE
2026-03-13,13:53:46,DCM,48.15,1,48.15,25,1203.75,HOSE
2026-03-13,13:54:12,HPG,27.4,2,54.8,50018,1248493.2,HOSE
2026-03-13,13:54:27,PDR,14.5,310000,4495000.0,610000,8845000.0,HOSE
2026-03-13,13:54:35,NLG,26.85,2,53.7,40,1074.0,HOSE
2026-03-13,13:54:58,NLG,26.85,2,53.7,42,1127.7,HOSE
2026-03-13,13:55:25,DCM,48.15,1,48.15,26,1251.8999999999999,HOSE
2026-03-13,13:55:48,DCM,48.15,1,48.15,27,1300.05,HOSE
2026-03-13,13:56:11,DCM,48.15,1,48.15,28,1348.2,HOSE
2026-03-13,13:56:28,PDR,14.5,90000,1305000.0,700000,10150000.0,HOSE
2026-03-13,13:56:28,PDR,14.5,450000,6525000.0,1150000,16675000.0,HOSE
2026-03-13,13:56:28,PDR,14.5,450000,6525000.0,1600000,23200000.0,HOSE
2026-03-13,13:56:36,AAA,6.6,1,6.6,22,145.2,HOSE
2026-03-13,13:56:38,NLG,26.85,1,26.85,43,1154.5500000000002,HOSE
2026-03-13,13:57:42,PDR,14.5,422000,6119000.0,2022000,29319000.0,HOSE
2026-03-13,13:58:11,AAA,6.6,1,6.6,23,151.79999999999998,HOSE
2026-03-13,13:59:08,OCB,10.1,7087593,71584689.3,37087593,373584689.3,HOSE
2026-03-13,13:59:22,HPG,27.4,2,54.8,50020,1248548.0,HOSE
2026-03-13,13:59:47,DCM,48.15,1,48.15,29,1396.35,HOSE
2026-03-13,14:00:08,VCI,37.2,1,37.2,26,967.2,HOSE
2026-03-13,14:00:17,HAG,15.0,20000,300000.0,20000,300000.0,HOSE
2026-03-13,14:00:30,HPG,27.4,2,54.8,50022,1248602.7999999998,HOSE
2026-03-13,14:00:38,HAG,15.0,20000,300000.0,40000,600000.0,HOSE
2026-03-13,14:00:39,HDB,25.7,1600000,41120000.0,1600000,41120000.0,HOSE
2026-03-13,14:00:53,HPG,27.4,2,54.8,50024,1248657.5999999999,HOSE
2026-03-13,14:01:06,PDR,14.5,278000,4031000.0,2300000,33350000.0,HOSE
2026-03-13,14:01:27,TCB,31.1,1,31.1,2111822,63400461.0,HOSE
2026-03-13,14:01:49,TCB,31.1,1,31.1,2111823,63400492.1,HOSE
2026-03-13,14:02:13,TCB,31.1,1,31.1,2111824,63400523.199999996,HOSE
2026-03-13,14:02:40,HPG,27.4,2,54.8,50026,1248712.4,HOSE
2026-03-13,14:03:15,HPG,27.473,550000,15110150.0,600026,16358862.4,HOSE
2026-03-13,14:03:16,HPG,27.4,1,27.4,600027,16358889.8,HOSE
2026-03-13,14:03:42,TCB,31.1,1,31.1,2111825,63400554.3,HOSE
2026-03-13,14:04:06,NLG,26.85,1,26.85,44,1181.4,HOSE
2026-03-13,14:04:32,HPG,27.4,1,27.4,600028,16358917.200000001,HOSE
2026-03-13,14:04:44,VJC,152.8,55000,8404000.0,75000,11460000.0,HOSE
2026-03-13,14:05:02,NLG,26.85,2,53.7,46,1235.1000000000001,HOSE
2026-03-13,14:05:28,TCB,31.1,2,62.2,2111827,63400616.5,HOSE
2026-03-13,14:05:55,TCB,30.0,1150000,34500000.0,3261827,97900616.5,HOSE
2026-03-13,14:07:29,HDB,25.7,940000,24158000.0,2540000,65278000.0,HOSE
2026-03-13,14:08:00,HDB,25.7,1040000,26728000.0,3580000,92006000.0,HOSE
2026-03-13,14:10:38,SHI,13.1,160000,2096000.0,4810000,66611000.0,HOSE
2026-03-13,14:10:43,MSB,11.25,131000,1473750.0,5196000,58455000.0,HOSE
2026-03-13,14:11:17,LSS,7.94,1,7.94,10,79.4,HOSE
2026-03-13,14:12:31,MWG,90.5,23000,2081500.0,1283000,108918900.0,HOSE
2026-03-13,14:12:40,MSB,11.0,819000,9009000.0,6015000,67464000.0,HOSE
2026-03-13,14:12:46,CCC,8.99,370000,3326300.0,370000,3326300.0,HOSE
2026-03-13,14:13:34,MSB,11.0,1000000,11000000.0,7015000,78464000.0,HOSE
2026-03-13,14:14:04,CCC,8.99,400000,3596000.0,770000,6922300.0,HOSE
2026-03-13,14:18:08,AAA,6.6,1,6.6,24,158.39999999999998,HOSE
2026-03-13,14:22:13,ACB,21.56,65000,1401400.0,290000,6261400.0,HOSE
2026-03-13,14:25:28,SHI,13.1,240000,3144000.0,5050000,69755000.0,HOSE
2026-03-13,14:26:25,HDB,26.5,300000,7950000.0,3880000,99956000.0,HOSE
2026-03-13,14:26:50,OCB,10.1,10000000,101000000.0,47087593,474584689.3,HOSE
2026-03-13,14:28:01,OCB,10.1,556054,5616145.399999999,47643647,480200834.7,HOSE
2026-03-13,14:28:27,KBC,32.0,380000,12160000.0,760000,24320000.0,HOSE
2026-03-13,14:31:51,TAL,39.5,1067347,42160206.5,1067347,42160206.5,HOSE
2026-03-13,14:32:35,VHM,90.0,25000,2250000.0,235000,23796000.0,HOSE
2026-03-13,14:33:46,SHI,13.1,150000,1965000.0,5200000,71720000.0,HOSE
2026-03-13,14:39:33,VIX,17.9,50000,894999.9999999999,50000,894999.9999999999,HOSE
2026-03-13,14:49:00,KDC,51.3,300000,15390000.0,1300000,66690000.0,HOSE
2026-03-13,14:49:33,FUEVFVND,36.727,40900,1502134.2999999998,140900,5201534.3,HOSE
2026-03-13,14:49:53,OCB,10.1,259200,2617920.0,47902847,482818754.7,HOSE
2026-03-13,14:53:41,TPB,17.1,280000,4788000.0,280000,4788000.0,HOSE
2026-03-13,14:54:14,MBB,27.0,175100,4727700.0,10175100,274727700.0,HOSE
